PokerStars Hand #254493913371:  Hold'em No Limit ($0.50/$1.00 USD) - 2025/01/21 1:57:29 WET [2025/01/21 20:57:29 ET]
Table 'Katharina IV' 6-max Seat #3 is the button
Seat 6: andutu34 ($100 in chips) is sitting out
Seat 1: B1GBankroll ($100 in chips) 
Seat 2: ptolejmus ($14.28 in chips) 
Seat 3: pr0tecto ($100 in chips) 
Seat 4: avlee1 ($100 in chips) 
Seat 5: afizola ($50.89 in chips) 
avlee1: posts small blind $0.50
afizola: posts big blind $1
andutu34: sits out 
*** HOLE CARDS ***
B1GBankroll: folds 
ptolejmus: folds 
pr0tecto: folds 
avlee1: raises $2 to $3
afizola: folds 
Uncalled bet ($2) returned to avlee1
avlee1 collected $2 from pot
avlee1: doesn't show hand 
*** SUMMARY ***
Total pot $2 | Rake $0 
Seat 6: andutu34
Seat 1: B1GBankroll folded before Flop (didn't bet)
Seat 2: ptolejmus folded before Flop (didn't bet)
Seat 3: pr0tecto (button) folded before Flop (didn't bet)
Seat 4: avlee1 (small blind) collected ($2)
Seat 5: afizola (big blind) folded before Flop



PokerStars Hand #254493915734:  Hold'em No Limit ($0.50/$1.00 USD) - 2025/01/21 1:57:48 WET [2025/01/21 20:57:48 ET]
Table 'Katharina IV' 6-max Seat #4 is the button
Seat 1: B1GBankroll ($100 in chips) 
Seat 2: ptolejmus ($14.28 in chips) 
Seat 3: pr0tecto ($100 in chips) 
Seat 4: avlee1 ($101 in chips) 
Seat 5: afizola ($49.89 in chips) 
Seat 6: andutu34 ($100 in chips) 
afizola: posts small blind $0.50
andutu34: posts big blind $1
*** HOLE CARDS ***
B1GBankroll: folds 
ptolejmus: folds 
pr0tecto: folds 
avlee1: folds 
afizola: calls $0.50
andutu34: raises $4 to $5
afizola: folds 
Uncalled bet ($4) returned to andutu34
andutu34 collected $2 from pot
andutu34: doesn't show hand 
*** SUMMARY ***
Total pot $2 | Rake $0 
Seat 1: B1GBankroll folded before Flop (didn't bet)
Seat 2: ptolejmus folded before Flop (didn't bet)
Seat 3: pr0tecto folded before Flop (didn't bet)
Seat 4: avlee1 (button) folded before Flop (didn't bet)
Seat 5: afizola (small blind) folded before Flop
Seat 6: andutu34 (big blind) collected ($2)



PokerStars Hand #254493918000:  Hold'em No Limit ($0.50/$1.00 USD) - 2025/01/21 1:58:06 WET [2025/01/21 20:58:06 ET]
Table 'Katharina IV' 6-max Seat #5 is the button
Seat 1: B1GBankroll ($100 in chips) 
Seat 2: ptolejmus ($14.28 in chips) 
Seat 3: pr0tecto ($100 in chips) 
Seat 4: avlee1 ($101 in chips) 
Seat 5: afizola ($48.89 in chips) 
Seat 6: andutu34 ($101 in chips) 
andutu34: posts small blind $0.50
B1GBankroll: posts big blind $1
*** HOLE CARDS ***
ptolejmus: folds 
pr0tecto: folds 
avlee1: raises $1.50 to $2.50
afizola: folds 
andutu34: folds 
B1GBankroll: folds 
Uncalled bet ($1.50) returned to avlee1
avlee1 collected $2.50 from pot
avlee1: doesn't show hand 
*** SUMMARY ***
Total pot $2.50 | Rake $0 
Seat 1: B1GBankroll (big blind) folded before Flop
Seat 2: ptolejmus folded before Flop (didn't bet)
Seat 3: pr0tecto folded before Flop (didn't bet)
Seat 4: avlee1 collected ($2.50)
Seat 5: afizola (button) folded before Flop (didn't bet)
Seat 6: andutu34 (small blind) folded before Flop



PokerStars Hand #254493920006:  Hold'em No Limit ($0.50/$1.00 USD) - 2025/01/21 1:58:22 WET [2025/01/21 20:58:22 ET]
Table 'Katharina IV' 6-max Seat #6 is the button
Seat 1: B1GBankroll ($100 in chips) 
Seat 2: ptolejmus ($14.28 in chips) 
Seat 3: pr0tecto ($100 in chips) 
Seat 4: avlee1 ($102.50 in chips) 
Seat 5: afizola ($48.89 in chips) 
Seat 6: andutu34 ($100.50 in chips) 
B1GBankroll: posts small blind $0.50
ptolejmus: posts big blind $1
*** HOLE CARDS ***
pr0tecto: folds 
avlee1: folds 
afizola: folds 
andutu34: folds 
B1GBankroll: folds 
Uncalled bet ($0.50) returned to ptolejmus
ptolejmus collected $1 from pot
*** SUMMARY ***
Total pot $1 | Rake $0 
Seat 1: B1GBankroll (small blind) folded before Flop
Seat 2: ptolejmus (big blind) collected ($1)
Seat 3: pr0tecto folded before Flop (didn't bet)
Seat 4: avlee1 folded before Flop (didn't bet)
Seat 5: afizola folded before Flop (didn't bet)
Seat 6: andutu34 (button) folded before Flop (didn't bet)



PokerStars Hand #254493922214:  Hold'em No Limit ($0.50/$1.00 USD) - 2025/01/21 1:58:39 WET [2025/01/21 20:58:39 ET]
Table 'Katharina IV' 6-max Seat #1 is the button
Seat 1: B1GBankroll ($100 in chips) 
Seat 2: ptolejmus ($14.78 in chips) 
Seat 3: pr0tecto ($100 in chips) 
Seat 4: avlee1 ($102.50 in chips) 
Seat 5: afizola ($48.89 in chips) 
Seat 6: andutu34 ($100.50 in chips) 
ptolejmus: posts small blind $0.50
pr0tecto: posts big blind $1
*** HOLE CARDS ***
avlee1: folds 
afizola: calls $1
andutu34: raises $3 to $4
B1GBankroll: folds 
ptolejmus: folds 
pr0tecto: folds 
afizola: calls $3
*** FLOP *** [As 7h 8s]
afizola: bets $4.51
andutu34: folds 
Uncalled bet ($4.51) returned to afizola
afizola collected $9.02 from pot
afizola: doesn't show hand 
*** SUMMARY ***
Total pot $9.50 | Rake $0.48 
Board [As 7h 8s]
Seat 1: B1GBankroll (button) folded before Flop (didn't bet)
Seat 2: ptolejmus (small blind) folded before Flop
Seat 3: pr0tecto (big blind) folded before Flop
Seat 4: avlee1 folded before Flop (didn't bet)
Seat 5: afizola collected ($9.02)
Seat 6: andutu34 folded on the Flop



PokerStars Hand #254493924463:  Hold'em No Limit ($0.50/$1.00 USD) - 2025/01/21 1:58:57 WET [2025/01/21 20:58:57 ET]
Table 'Katharina IV' 6-max Seat #2 is the button
Seat 1: B1GBankroll ($100 in chips) 
Seat 2: ptolejmus ($14.28 in chips) 
Seat 3: pr0tecto ($99 in chips) 
Seat 4: avlee1 ($102.50 in chips) 
Seat 5: afizola ($53.91 in chips) 
Seat 6: andutu34 ($100 in chips) 
pr0tecto: posts small blind $0.50
avlee1: posts big blind $1
*** HOLE CARDS ***
afizola: folds 
andutu34: folds 
B1GBankroll: folds 
ptolejmus: folds 
pr0tecto: folds 
Uncalled bet ($0.50) returned to avlee1
avlee1 collected $1 from pot
avlee1: doesn't show hand 
*** SUMMARY ***
Total pot $1 | Rake $0 
Seat 1: B1GBankroll folded before Flop (didn't bet)
Seat 2: ptolejmus (button) folded before Flop (didn't bet)
Seat 3: pr0tecto (small blind) folded before Flop
Seat 4: avlee1 (big blind) collected ($1)
Seat 5: afizola folded before Flop (didn't bet)
Seat 6: andutu34 folded before Flop (didn't bet)



PokerStars Hand #254493927103:  Hold'em No Limit ($0.50/$1.00 USD) - 2025/01/21 1:59:18 WET [2025/01/21 20:59:18 ET]
Table 'Katharina IV' 6-max Seat #3 is the button
Seat 1: B1GBankroll ($100 in chips) 
Seat 2: ptolejmus ($14.28 in chips) 
Seat 3: pr0tecto ($100 in chips) 
Seat 4: avlee1 ($103 in chips) 
Seat 5: afizola ($53.91 in chips) 
Seat 6: andutu34 ($100 in chips) 
avlee1: posts small blind $0.50
afizola: posts big blind $1
*** HOLE CARDS ***
andutu34: folds 
B1GBankroll: folds 
ptolejmus: raises $1 to $2
pr0tecto: raises $5.50 to $7.50
avlee1: folds 
afizola: folds 
ptolejmus: folds 
Uncalled bet ($5.50) returned to pr0tecto
pr0tecto collected $5.50 from pot
pr0tecto: doesn't show hand 
*** SUMMARY ***
Total pot $5.50 | Rake $0 
Seat 1: B1GBankroll folded before Flop (didn't bet)
Seat 2: ptolejmus folded before Flop
Seat 3: pr0tecto (button) collected ($5.50)
Seat 4: avlee1 (small blind) folded before Flop
Seat 5: afizola (big blind) folded before Flop
Seat 6: andutu34 folded before Flop (didn't bet)



PokerStars Hand #254493930657:  Hold'em No Limit ($0.50/$1.00 USD) - 2025/01/21 1:59:46 WET [2025/01/21 20:59:46 ET]
Table 'Katharina IV' 6-max Seat #4 is the button
Seat 1: B1GBankroll ($100 in chips) 
Seat 2: ptolejmus ($12.28 in chips) 
Seat 3: pr0tecto ($103.50 in chips) 
Seat 4: avlee1 ($102.50 in chips) 
Seat 5: afizola ($52.91 in chips) 
Seat 6: andutu34 ($100 in chips) 
afizola: posts small blind $0.50
andutu34: posts big blind $1
*** HOLE CARDS ***
B1GBankroll: folds 
ptolejmus: folds 
pr0tecto: raises $1.20 to $2.20
avlee1: folds 
afizola: folds 
andutu34: folds 
Uncalled bet ($1.20) returned to pr0tecto
pr0tecto collected $2.50 from pot
pr0tecto: doesn't show hand 
*** SUMMARY ***
Total pot $2.50 | Rake $0 
Seat 1: B1GBankroll folded before Flop (didn't bet)
Seat 2: ptolejmus folded before Flop (didn't bet)
Seat 3: pr0tecto collected ($2.50)
Seat 4: avlee1 (button) folded before Flop (didn't bet)
Seat 5: afizola (small blind) folded before Flop
Seat 6: andutu34 (big blind) folded before Flop



PokerStars Hand #254493932593:  Hold'em No Limit ($0.50/$1.00 USD) - 2025/01/21 2:00:00 WET [2025/01/21 21:00:00 ET]
Table 'Katharina IV' 6-max Seat #5 is the button
Seat 1: B1GBankroll ($100 in chips) 
Seat 2: ptolejmus ($12.28 in chips) 
Seat 3: pr0tecto ($105 in chips) 
Seat 4: avlee1 ($102.50 in chips) 
Seat 5: afizola ($52.41 in chips) 
Seat 6: andutu34 ($100 in chips) 
andutu34: posts small blind $0.50
B1GBankroll: posts big blind $1
*** HOLE CARDS ***
ptolejmus: folds 
pr0tecto: folds 
avlee1: folds 
afizola: folds 
andutu34: folds 
Uncalled bet ($0.50) returned to B1GBankroll
B1GBankroll collected $1 from pot
B1GBankroll: doesn't show hand 
*** SUMMARY ***
Total pot $1 | Rake $0 
Seat 1: B1GBankroll (big blind) collected ($1)
Seat 2: ptolejmus folded before Flop (didn't bet)
Seat 3: pr0tecto folded before Flop (didn't bet)
Seat 4: avlee1 folded before Flop (didn't bet)
Seat 5: afizola (button) folded before Flop (didn't bet)
Seat 6: andutu34 (small blind) folded before Flop



PokerStars Hand #254493933979:  Hold'em No Limit ($0.50/$1.00 USD) - 2025/01/21 2:00:10 WET [2025/01/21 21:00:10 ET]
Table 'Katharina IV' 6-max Seat #6 is the button
Seat 1: B1GBankroll ($100.50 in chips) 
Seat 2: ptolejmus ($12.28 in chips) 
Seat 3: pr0tecto ($105 in chips) 
Seat 4: avlee1 ($102.50 in chips) 
Seat 5: afizola ($52.41 in chips) 
Seat 6: andutu34 ($100 in chips) 
B1GBankroll: posts small blind $0.50
ptolejmus: posts big blind $1
*** HOLE CARDS ***
pr0tecto: raises $1.10 to $2.10
avlee1: folds 
afizola: calls $2.10
andutu34: folds 
B1GBankroll: folds 
ptolejmus: raises $10.18 to $12.28 and is all-in
pr0tecto: calls $10.18
afizola: folds 
*** FIRST FLOP *** [5c Ad Kh]
*** FIRST TURN *** [5c Ad Kh] [4h]
*** FIRST RIVER *** [5c Ad Kh 4h] [7h]
*** SECOND FLOP *** [Ts Jd 9c]
*** SECOND TURN *** [Ts Jd 9c] [2h]
*** SECOND RIVER *** [Ts Jd 9c 2h] [2c]
*** FIRST SHOW DOWN ***
ptolejmus: shows [Js Jh] (a pair of Jacks)
pr0tecto: shows [As Qs] (a pair of Aces)
pr0tecto collected $12.90 from pot
*** SECOND SHOW DOWN ***
ptolejmus: shows [Js Jh] (a full house, Jacks full of Deuces)
pr0tecto: shows [As Qs] (a pair of Deuces)
ptolejmus collected $12.90 from pot
*** SUMMARY ***
Total pot $27.16 | Rake $1.36 
Hand was run twice
FIRST Board [5c Ad Kh 4h 7h]
SECOND Board [Ts Jd 9c 2h 2c]
Seat 1: B1GBankroll (small blind) folded before Flop
Seat 2: ptolejmus (big blind) showed [Js Jh] and lost with a pair of Jacks, and won ($12.90) with a full house, Jacks full of Deuces
Seat 3: pr0tecto showed [As Qs] and won ($12.90) with a pair of Aces, and lost with a pair of Deuces
Seat 4: avlee1 folded before Flop (didn't bet)
Seat 5: afizola folded before Flop
Seat 6: andutu34 (button) folded before Flop (didn't bet)



PokerStars Hand #254493940084:  Hold'em No Limit ($0.50/$1.00 USD) - 2025/01/21 2:00:53 WET [2025/01/21 21:00:53 ET]
Table 'Katharina IV' 6-max Seat #1 is the button
Seat 1: B1GBankroll ($100 in chips) 
Seat 2: ptolejmus ($12.90 in chips) 
Seat 3: pr0tecto ($105.62 in chips) 
Seat 4: avlee1 ($102.50 in chips) 
Seat 5: afizola ($50.31 in chips) 
Seat 6: andutu34 ($100 in chips) 
ptolejmus: posts small blind $0.50
pr0tecto: posts big blind $1
*** HOLE CARDS ***
avlee1: folds 
afizola: folds 
andutu34: folds 
B1GBankroll: folds 
ptolejmus: raises $1 to $2
pr0tecto: calls $1
*** FLOP *** [4s 9c Kc]
ptolejmus: checks 
pr0tecto: checks 
*** TURN *** [4s 9c Kc] [9d]
ptolejmus: bets $1.94
pr0tecto: folds 
Uncalled bet ($1.94) returned to ptolejmus
ptolejmus collected $3.80 from pot
*** SUMMARY ***
Total pot $4 | Rake $0.20 
Board [4s 9c Kc 9d]
Seat 1: B1GBankroll (button) folded before Flop (didn't bet)
Seat 2: ptolejmus (small blind) collected ($3.80)
Seat 3: pr0tecto (big blind) folded on the Turn
Seat 4: avlee1 folded before Flop (didn't bet)
Seat 5: afizola folded before Flop (didn't bet)
Seat 6: andutu34 folded before Flop (didn't bet)



PokerStars Hand #254493948545:  Hold'em No Limit ($0.50/$1.00 USD) - 2025/01/21 2:01:47 WET [2025/01/21 21:01:47 ET]
Table 'Katharina IV' 6-max Seat #2 is the button
Seat 1: B1GBankroll ($100 in chips) 
Seat 2: ptolejmus ($14.70 in chips) 
Seat 3: pr0tecto ($103.62 in chips) 
Seat 4: avlee1 ($102.50 in chips) 
Seat 5: afizola ($50.31 in chips) 
Seat 6: andutu34 ($100 in chips) 
pr0tecto: posts small blind $0.50
avlee1: posts big blind $1
*** HOLE CARDS ***
afizola: calls $1
andutu34: folds 
B1GBankroll: raises $3 to $4
ptolejmus: raises $10.70 to $14.70 and is all-in
pr0tecto: folds 
avlee1: folds 
afizola: calls $13.70
B1GBankroll: calls $10.70
*** FLOP *** [2d 9h 3h]
afizola: checks 
B1GBankroll: bets $9.70
afizola: folds 
Uncalled bet ($9.70) returned to B1GBankroll
*** TURN *** [2d 9h 3h] [5s]
*** RIVER *** [2d 9h 3h 5s] [Qh]
*** SHOW DOWN ***
B1GBankroll: shows [Ad Ah] (a pair of Aces)
ptolejmus: shows [Ts As] (high card Ace)
B1GBankroll collected $43.32 from pot
ptolejmus cashed out the hand for $0.44 | Cash Out Fee $0.01
*** SUMMARY ***
Total pot $45.60 | Rake $2.28 
Board [2d 9h 3h 5s Qh]
Seat 1: B1GBankroll showed [Ad Ah] and won ($43.32) with a pair of Aces
Seat 2: ptolejmus (button) showed [Ts As] and lost with high card Ace (cashed out).
Seat 3: pr0tecto (small blind) folded before Flop
Seat 4: avlee1 (big blind) folded before Flop
Seat 5: afizola folded on the Flop
Seat 6: andutu34 folded before Flop (didn't bet)



PokerStars Hand #254493960974:  Hold'em No Limit ($0.50/$1.00 USD) - 2025/01/21 2:03:04 WET [2025/01/21 21:03:04 ET]
Table 'Katharina IV' 6-max Seat #3 is the button
Seat 1: B1GBankroll ($128.62 in chips) 
Seat 2: ptolejmus ($10 in chips) 
Seat 3: pr0tecto ($103.12 in chips) 
Seat 4: avlee1 ($101.50 in chips) 
Seat 5: afizola ($35.61 in chips) 
Seat 6: andutu34 ($100 in chips) 
avlee1: posts small blind $0.50
afizola: posts big blind $1
*** HOLE CARDS ***
andutu34: raises $1 to $2
B1GBankroll: folds 
ptolejmus: folds 
pr0tecto: folds 
avlee1: folds 
afizola: folds 
Uncalled bet ($1) returned to andutu34
andutu34 collected $2.50 from pot
andutu34: doesn't show hand 
*** SUMMARY ***
Total pot $2.50 | Rake $0 
Seat 1: B1GBankroll folded before Flop (didn't bet)
Seat 2: ptolejmus folded before Flop (didn't bet)
Seat 3: pr0tecto (button) folded before Flop (didn't bet)
Seat 4: avlee1 (small blind) folded before Flop
Seat 5: afizola (big blind) folded before Flop
Seat 6: andutu34 collected ($2.50)



PokerStars Hand #254493963739:  Hold'em No Limit ($0.50/$1.00 USD) - 2025/01/21 2:03:21 WET [2025/01/21 21:03:21 ET]
Table 'Katharina IV' 6-max Seat #4 is the button
Seat 1: B1GBankroll ($128.62 in chips) 
Seat 2: ptolejmus ($10 in chips) 
Seat 3: pr0tecto ($103.12 in chips) 
Seat 4: avlee1 ($101 in chips) 
Seat 5: afizola ($34.61 in chips) 
Seat 6: andutu34 ($101.50 in chips) 
afizola: posts small blind $0.50
andutu34: posts big blind $1
*** HOLE CARDS ***
B1GBankroll: folds 
ptolejmus: folds 
pr0tecto: folds 
avlee1: folds 
afizola: calls $0.50
andutu34: checks 
*** FLOP *** [6d 9s 8s]
afizola: checks 
andutu34: bets $1.50
afizola: calls $1.50
*** TURN *** [6d 9s 8s] [Kh]
afizola: checks 
andutu34: bets $4.80
afizola: folds 
Uncalled bet ($4.80) returned to andutu34
andutu34 collected $4.75 from pot
andutu34: doesn't show hand 
*** SUMMARY ***
Total pot $5 | Rake $0.25 
Board [6d 9s 8s Kh]
Seat 1: B1GBankroll folded before Flop (didn't bet)
Seat 2: ptolejmus folded before Flop (didn't bet)
Seat 3: pr0tecto folded before Flop (didn't bet)
Seat 4: avlee1 (button) folded before Flop (didn't bet)
Seat 5: afizola (small blind) folded on the Turn
Seat 6: andutu34 (big blind) collected ($4.75)



PokerStars Hand #254493971755:  Hold'em No Limit ($0.50/$1.00 USD) - 2025/01/21 2:04:11 WET [2025/01/21 21:04:11 ET]
Table 'Katharina IV' 6-max Seat #5 is the button
Seat 1: B1GBankroll ($128.62 in chips) 
Seat 2: ptolejmus ($10 in chips) 
Seat 3: pr0tecto ($103.12 in chips) 
Seat 4: avlee1 ($101 in chips) 
Seat 5: afizola ($32.11 in chips) 
Seat 6: andutu34 ($103.75 in chips) 
andutu34: posts small blind $0.50
B1GBankroll: posts big blind $1
*** HOLE CARDS ***
ptolejmus: folds 
pr0tecto: folds 
avlee1: folds 
afizola: calls $1
andutu34: folds 
B1GBankroll: checks 
*** FLOP *** [6d 6h Td]
B1GBankroll: checks 
afizola: checks 
*** TURN *** [6d 6h Td] [Qs]
B1GBankroll: checks 
afizola: checks 
*** RIVER *** [6d 6h Td Qs] [6s]
B1GBankroll: bets $1.76
afizola: calls $1.76
*** SHOW DOWN ***
B1GBankroll: shows [5c 9s] (three of a kind, Sixes)
afizola: shows [8s Qd] (a full house, Sixes full of Queens)
afizola collected $5.72 from pot
*** SUMMARY ***
Total pot $6.02 | Rake $0.30 
Board [6d 6h Td Qs 6s]
Seat 1: B1GBankroll (big blind) showed [5c 9s] and lost with three of a kind, Sixes
Seat 2: ptolejmus folded before Flop (didn't bet)
Seat 3: pr0tecto folded before Flop (didn't bet)
Seat 4: avlee1 folded before Flop (didn't bet)
Seat 5: afizola (button) showed [8s Qd] and won ($5.72) with a full house, Sixes full of Queens
Seat 6: andutu34 (small blind) folded before Flop



PokerStars Hand #254493978298:  Hold'em No Limit ($0.50/$1.00 USD) - 2025/01/21 2:04:51 WET [2025/01/21 21:04:51 ET]
Table 'Katharina IV' 6-max Seat #6 is the button
Seat 1: B1GBankroll ($125.86 in chips) 
Seat 2: ptolejmus ($10 in chips) 
Seat 3: pr0tecto ($103.12 in chips) 
Seat 4: avlee1 ($101 in chips) 
Seat 5: afizola ($35.07 in chips) 
Seat 6: andutu34 ($103.25 in chips) 
B1GBankroll: posts small blind $0.50
ptolejmus: posts big blind $1
*** HOLE CARDS ***
pr0tecto: folds 
avlee1: folds 
afizola: calls $1
andutu34: raises $3 to $4
B1GBankroll: folds 
ptolejmus: folds 
afizola: folds 
Uncalled bet ($3) returned to andutu34
andutu34 collected $3.50 from pot
andutu34: doesn't show hand 
*** SUMMARY ***
Total pot $3.50 | Rake $0 
Seat 1: B1GBankroll (small blind) folded before Flop
Seat 2: ptolejmus (big blind) folded before Flop
Seat 3: pr0tecto folded before Flop (didn't bet)
Seat 4: avlee1 folded before Flop (didn't bet)
Seat 5: afizola folded before Flop
Seat 6: andutu34 (button) collected ($3.50)



PokerStars Hand #254493983315:  Hold'em No Limit ($0.50/$1.00 USD) - 2025/01/21 2:05:21 WET [2025/01/21 21:05:21 ET]
Table 'Katharina IV' 6-max Seat #1 is the button
Seat 1: B1GBankroll ($125.36 in chips) 
Seat 2: ptolejmus ($10 in chips) 
Seat 3: pr0tecto ($103.12 in chips) 
Seat 4: avlee1 ($101 in chips) 
Seat 5: afizola ($34.07 in chips) 
Seat 6: andutu34 ($105.75 in chips) 
ptolejmus: posts small blind $0.50
pr0tecto: posts big blind $1
*** HOLE CARDS ***
avlee1: raises $1.50 to $2.50
afizola: folds 
andutu34: folds 
B1GBankroll: folds 
ptolejmus: folds 
pr0tecto: folds 
Uncalled bet ($1.50) returned to avlee1
avlee1 collected $2.50 from pot
avlee1: doesn't show hand 
*** SUMMARY ***
Total pot $2.50 | Rake $0 
Seat 1: B1GBankroll (button) folded before Flop (didn't bet)
Seat 2: ptolejmus (small blind) folded before Flop
Seat 3: pr0tecto (big blind) folded before Flop
Seat 4: avlee1 collected ($2.50)
Seat 5: afizola folded before Flop (didn't bet)
Seat 6: andutu34 folded before Flop (didn't bet)



PokerStars Hand #254493986450:  Hold'em No Limit ($0.50/$1.00 USD) - 2025/01/21 2:05:41 WET [2025/01/21 21:05:41 ET]
Table 'Katharina IV' 6-max Seat #2 is the button
Seat 1: B1GBankroll ($125.36 in chips) 
Seat 2: ptolejmus ($10 in chips) 
Seat 3: pr0tecto ($102.12 in chips) 
Seat 4: avlee1 ($102.50 in chips) 
Seat 5: afizola ($34.07 in chips) 
Seat 6: andutu34 ($105.75 in chips) 
pr0tecto: posts small blind $0.50
avlee1: posts big blind $1
*** HOLE CARDS ***
afizola: calls $1
andutu34: folds 
B1GBankroll: folds 
ptolejmus: folds 
pr0tecto: folds 
avlee1: checks 
*** FLOP *** [6d Kc Tc]
avlee1: checks 
afizola: checks 
*** TURN *** [6d Kc Tc] [9d]
avlee1: checks 
afizola: checks 
*** RIVER *** [6d Kc Tc 9d] [Jh]
avlee1: checks 
afizola: checks 
*** SHOW DOWN ***
avlee1: shows [5d As] (high card Ace)
afizola: shows [7s Ah] (high card Ace)
avlee1 collected $1.19 from pot
afizola collected $1.19 from pot
*** SUMMARY ***
Total pot $2.50 | Rake $0.12 
Board [6d Kc Tc 9d Jh]
Seat 1: B1GBankroll folded before Flop (didn't bet)
Seat 2: ptolejmus (button) folded before Flop (didn't bet)
Seat 3: pr0tecto (small blind) folded before Flop
Seat 4: avlee1 (big blind) showed [5d As] and won ($1.19) with high card Ace
Seat 5: afizola showed [7s Ah] and won ($1.19) with high card Ace
Seat 6: andutu34 folded before Flop (didn't bet)



PokerStars Hand #254493994898:  Hold'em No Limit ($0.50/$1.00 USD) - 2025/01/21 2:06:33 WET [2025/01/21 21:06:33 ET]
Table 'Katharina IV' 6-max Seat #3 is the button
Seat 1: B1GBankroll ($125.36 in chips) 
Seat 2: ptolejmus ($10 in chips) 
Seat 3: pr0tecto ($101.62 in chips) 
Seat 4: avlee1 ($102.69 in chips) 
Seat 5: afizola ($34.26 in chips) 
Seat 6: andutu34 ($105.75 in chips) 
avlee1: posts small blind $0.50
afizola: posts big blind $1
*** HOLE CARDS ***
andutu34: folds 
B1GBankroll: folds 
ptolejmus: folds 
pr0tecto: raises $2 to $3
avlee1: folds 
afizola: folds 
Uncalled bet ($2) returned to pr0tecto
pr0tecto collected $2.50 from pot
pr0tecto: doesn't show hand 
*** SUMMARY ***
Total pot $2.50 | Rake $0 
Seat 1: B1GBankroll folded before Flop (didn't bet)
Seat 2: ptolejmus folded before Flop (didn't bet)
Seat 3: pr0tecto (button) collected ($2.50)
Seat 4: avlee1 (small blind) folded before Flop
Seat 5: afizola (big blind) folded before Flop
Seat 6: andutu34 folded before Flop (didn't bet)



PokerStars Hand #254493996509:  Hold'em No Limit ($0.50/$1.00 USD) - 2025/01/21 2:06:43 WET [2025/01/21 21:06:43 ET]
Table 'Katharina IV' 6-max Seat #4 is the button
Seat 1: B1GBankroll ($125.36 in chips) 
Seat 2: ptolejmus ($10 in chips) 
Seat 3: pr0tecto ($103.12 in chips) 
Seat 4: avlee1 ($102.19 in chips) 
Seat 5: afizola ($33.26 in chips) 
Seat 6: andutu34 ($105.75 in chips) 
afizola: posts small blind $0.50
andutu34: posts big blind $1
*** HOLE CARDS ***
B1GBankroll: folds 
ptolejmus: folds 
pr0tecto: folds 
avlee1: folds 
afizola: calls $0.50
andutu34: checks 
*** FLOP *** [Qd 8d Qc]
afizola: checks 
andutu34: checks 
*** TURN *** [Qd 8d Qc] [3c]
afizola: checks 
andutu34: checks 
*** RIVER *** [Qd 8d Qc 3c] [5c]
afizola: checks 
andutu34: checks 
*** SHOW DOWN ***
afizola: shows [6d 9c] (a pair of Queens)
andutu34: shows [6s 9s] (a pair of Queens)
afizola collected $0.95 from pot
andutu34 collected $0.95 from pot
*** SUMMARY ***
Total pot $2 | Rake $0.10 
Board [Qd 8d Qc 3c 5c]
Seat 1: B1GBankroll folded before Flop (didn't bet)
Seat 2: ptolejmus folded before Flop (didn't bet)
Seat 3: pr0tecto folded before Flop (didn't bet)
Seat 4: avlee1 (button) folded before Flop (didn't bet)
Seat 5: afizola (small blind) showed [6d 9c] and won ($0.95) with a pair of Queens
Seat 6: andutu34 (big blind) showed [6s 9s] and won ($0.95) with a pair of Queens



PokerStars Hand #254494003190:  Hold'em No Limit ($0.50/$1.00 USD) - 2025/01/21 2:07:24 WET [2025/01/21 21:07:24 ET]
Table 'Katharina IV' 6-max Seat #5 is the button
Seat 1: B1GBankroll ($125.36 in chips) 
Seat 2: ptolejmus ($10 in chips) 
Seat 3: pr0tecto ($103.12 in chips) 
Seat 4: avlee1 ($102.19 in chips) 
Seat 5: afizola ($33.21 in chips) 
Seat 6: andutu34 ($105.70 in chips) 
andutu34: posts small blind $0.50
B1GBankroll: posts big blind $1
*** HOLE CARDS ***
ptolejmus: folds 
pr0tecto: folds 
avlee1: folds 
afizola: folds 
andutu34: folds 
Uncalled bet ($0.50) returned to B1GBankroll
B1GBankroll collected $1 from pot
B1GBankroll: doesn't show hand 
*** SUMMARY ***
Total pot $1 | Rake $0 
Seat 1: B1GBankroll (big blind) collected ($1)
Seat 2: ptolejmus folded before Flop (didn't bet)
Seat 3: pr0tecto folded before Flop (didn't bet)
Seat 4: avlee1 folded before Flop (didn't bet)
Seat 5: afizola (button) folded before Flop (didn't bet)
Seat 6: andutu34 (small blind) folded before Flop



PokerStars Hand #254494005012:  Hold'em No Limit ($0.50/$1.00 USD) - 2025/01/21 2:07:36 WET [2025/01/21 21:07:36 ET]
Table 'Katharina IV' 6-max Seat #6 is the button
Seat 1: B1GBankroll ($125.86 in chips) 
Seat 2: ptolejmus ($10 in chips) 
Seat 3: pr0tecto ($103.12 in chips) 
Seat 4: avlee1 ($102.19 in chips) 
Seat 5: afizola ($33.21 in chips) 
Seat 6: andutu34 ($105.20 in chips) 
B1GBankroll: posts small blind $0.50
ptolejmus: posts big blind $1
*** HOLE CARDS ***
pr0tecto: folds 
avlee1: folds 
afizola: folds 
andutu34: folds 
B1GBankroll: folds 
Uncalled bet ($0.50) returned to ptolejmus
ptolejmus collected $1 from pot
*** SUMMARY ***
Total pot $1 | Rake $0 
Seat 1: B1GBankroll (small blind) folded before Flop
Seat 2: ptolejmus (big blind) collected ($1)
Seat 3: pr0tecto folded before Flop (didn't bet)
Seat 4: avlee1 folded before Flop (didn't bet)
Seat 5: afizola folded before Flop (didn't bet)
Seat 6: andutu34 (button) folded before Flop (didn't bet)



PokerStars Hand #254494007331:  Hold'em No Limit ($0.50/$1.00 USD) - 2025/01/21 2:07:51 WET [2025/01/21 21:07:51 ET]
Table 'Katharina IV' 6-max Seat #1 is the button
Seat 1: B1GBankroll ($125.36 in chips) 
Seat 2: ptolejmus ($10.50 in chips) 
Seat 3: pr0tecto ($103.12 in chips) 
Seat 4: avlee1 ($102.19 in chips) 
Seat 5: afizola ($33.21 in chips) 
Seat 6: andutu34 ($105.20 in chips) 
ptolejmus: posts small blind $0.50
pr0tecto: posts big blind $1
*** HOLE CARDS ***
avlee1: folds 
afizola: calls $1
andutu34: folds 
B1GBankroll: folds 
ptolejmus: raises $9.50 to $10.50 and is all-in
pr0tecto: folds 
afizola: calls $9.50
*** FLOP *** [9c 6h 4c]
*** TURN *** [9c 6h 4c] [Td]
*** RIVER *** [9c 6h 4c Td] [3d]
*** SHOW DOWN ***
ptolejmus: shows [Th As] (a pair of Tens)
afizola: shows [Qs Ks] (high card King)
ptolejmus collected $20.90 from pot
*** SUMMARY ***
Total pot $22 | Rake $1.10 
Board [9c 6h 4c Td 3d]
Seat 1: B1GBankroll (button) folded before Flop (didn't bet)
Seat 2: ptolejmus (small blind) showed [Th As] and won ($20.90) with a pair of Tens
Seat 3: pr0tecto (big blind) folded before Flop
Seat 4: avlee1 folded before Flop (didn't bet)
Seat 5: afizola showed [Qs Ks] and lost with high card King
Seat 6: andutu34 folded before Flop (didn't bet)



PokerStars Hand #254494012857:  Hold'em No Limit ($0.50/$1.00 USD) - 2025/01/21 2:08:25 WET [2025/01/21 21:08:25 ET]
Table 'Katharina IV' 6-max Seat #2 is the button
Seat 1: B1GBankroll ($125.36 in chips) 
Seat 2: ptolejmus ($20.90 in chips) 
Seat 3: pr0tecto ($102.12 in chips) 
Seat 4: avlee1 ($102.19 in chips) 
Seat 5: afizola ($22.71 in chips) 
Seat 6: andutu34 ($105.20 in chips) 
pr0tecto: posts small blind $0.50
avlee1: posts big blind $1
*** HOLE CARDS ***
afizola: calls $1
andutu34: folds 
B1GBankroll: folds 
ptolejmus: folds 
pr0tecto: folds 
avlee1: checks 
*** FLOP *** [9c 4s Ts]
avlee1: checks 
afizola: bets $2.38
avlee1: folds 
Uncalled bet ($2.38) returned to afizola
afizola collected $2.38 from pot
afizola: doesn't show hand 
*** SUMMARY ***
Total pot $2.50 | Rake $0.12 
Board [9c 4s Ts]
Seat 1: B1GBankroll folded before Flop (didn't bet)
Seat 2: ptolejmus (button) folded before Flop (didn't bet)
Seat 3: pr0tecto (small blind) folded before Flop
Seat 4: avlee1 (big blind) folded on the Flop
Seat 5: afizola collected ($2.38)
Seat 6: andutu34 folded before Flop (didn't bet)



PokerStars Hand #254494017900:  Hold'em No Limit ($0.50/$1.00 USD) - 2025/01/21 2:08:57 WET [2025/01/21 21:08:57 ET]
Table 'Katharina IV' 6-max Seat #3 is the button
Seat 1: B1GBankroll ($125.36 in chips) 
Seat 2: ptolejmus ($20.90 in chips) 
Seat 3: pr0tecto ($101.62 in chips) 
Seat 4: avlee1 ($101.19 in chips) 
Seat 5: afizola ($24.09 in chips) 
Seat 6: andutu34 ($105.20 in chips) 
avlee1: posts small blind $0.50
afizola: posts big blind $1
*** HOLE CARDS ***
andutu34: folds 
B1GBankroll: folds 
ptolejmus: folds 
pr0tecto: folds 
avlee1: folds 
Uncalled bet ($0.50) returned to afizola
afizola collected $1 from pot
afizola: doesn't show hand 
*** SUMMARY ***
Total pot $1 | Rake $0 
Seat 1: B1GBankroll folded before Flop (didn't bet)
Seat 2: ptolejmus folded before Flop (didn't bet)
Seat 3: pr0tecto (button) folded before Flop (didn't bet)
Seat 4: avlee1 (small blind) folded before Flop
Seat 5: afizola (big blind) collected ($1)
Seat 6: andutu34 folded before Flop (didn't bet)



PokerStars Hand #254494019492:  Hold'em No Limit ($0.50/$1.00 USD) - 2025/01/21 2:09:06 WET [2025/01/21 21:09:06 ET]
Table 'Katharina IV' 6-max Seat #4 is the button
Seat 1: B1GBankroll ($125.36 in chips) 
Seat 2: ptolejmus ($20.90 in chips) 
Seat 3: pr0tecto ($101.62 in chips) 
Seat 4: avlee1 ($100.69 in chips) 
Seat 5: afizola ($24.59 in chips) 
Seat 6: andutu34 ($105.20 in chips) 
afizola: posts small blind $0.50
andutu34: posts big blind $1
*** HOLE CARDS ***
B1GBankroll: folds 
ptolejmus: folds 
pr0tecto: folds 
avlee1: raises $1.50 to $2.50
afizola: calls $2
andutu34: folds 
*** FLOP *** [7c 4h 4c]
afizola: bets $2.85
avlee1: folds 
Uncalled bet ($2.85) returned to afizola
afizola collected $5.70 from pot
afizola: doesn't show hand 
*** SUMMARY ***
Total pot $6 | Rake $0.30 
Board [7c 4h 4c]
Seat 1: B1GBankroll folded before Flop (didn't bet)
Seat 2: ptolejmus folded before Flop (didn't bet)
Seat 3: pr0tecto folded before Flop (didn't bet)
Seat 4: avlee1 (button) folded on the Flop
Seat 5: afizola (small blind) collected ($5.70)
Seat 6: andutu34 (big blind) folded before Flop



PokerStars Hand #254494024260:  Hold'em No Limit ($0.50/$1.00 USD) - 2025/01/21 2:09:37 WET [2025/01/21 21:09:37 ET]
Table 'Katharina IV' 6-max Seat #5 is the button
Seat 1: B1GBankroll ($125.36 in chips) 
Seat 2: ptolejmus ($20.90 in chips) 
Seat 3: pr0tecto ($101.62 in chips) 
Seat 4: avlee1 ($100 in chips) 
Seat 5: afizola ($27.79 in chips) 
Seat 6: andutu34 ($104.20 in chips) 
andutu34: posts small blind $0.50
B1GBankroll: posts big blind $1
*** HOLE CARDS ***
ptolejmus: folds 
pr0tecto: folds 
avlee1: folds 
afizola: folds 
andutu34: folds 
Uncalled bet ($0.50) returned to B1GBankroll
B1GBankroll collected $1 from pot
B1GBankroll: doesn't show hand 
*** SUMMARY ***
Total pot $1 | Rake $0 
Seat 1: B1GBankroll (big blind) collected ($1)
Seat 2: ptolejmus folded before Flop (didn't bet)
Seat 3: pr0tecto folded before Flop (didn't bet)
Seat 4: avlee1 folded before Flop (didn't bet)
Seat 5: afizola (button) folded before Flop (didn't bet)
Seat 6: andutu34 (small blind) folded before Flop



PokerStars Hand #254494027766:  Hold'em No Limit ($0.50/$1.00 USD) - 2025/01/21 2:09:59 WET [2025/01/21 21:09:59 ET]
Table 'Katharina IV' 6-max Seat #6 is the button
Seat 1: B1GBankroll ($125.86 in chips) 
Seat 2: ptolejmus ($20.90 in chips) 
Seat 3: pr0tecto ($101.62 in chips) 
Seat 4: avlee1 ($100 in chips) 
Seat 5: afizola ($27.79 in chips) 
Seat 6: andutu34 ($103.70 in chips) 
B1GBankroll: posts small blind $0.50
ptolejmus: posts big blind $1
*** HOLE CARDS ***
pr0tecto: raises $1.10 to $2.10
avlee1: folds 
afizola: calls $2.10
andutu34: folds 
B1GBankroll: folds 
ptolejmus: folds 
*** FLOP *** [Jd 2d 7s]
pr0tecto: bets $1.79
afizola: raises $1.79 to $3.58
pr0tecto: calls $1.79
*** TURN *** [Jd 2d 7s] [Jc]
pr0tecto: checks 
afizola: bets $12.22
pr0tecto: folds 
Uncalled bet ($12.22) returned to afizola
afizola collected $12.22 from pot
afizola: doesn't show hand 
*** SUMMARY ***
Total pot $12.86 | Rake $0.64 
Board [Jd 2d 7s Jc]
Seat 1: B1GBankroll (small blind) folded before Flop
Seat 2: ptolejmus (big blind) folded before Flop
Seat 3: pr0tecto folded on the Turn
Seat 4: avlee1 folded before Flop (didn't bet)
Seat 5: afizola collected ($12.22)
Seat 6: andutu34 (button) folded before Flop (didn't bet)



PokerStars Hand #254494033856:  Hold'em No Limit ($0.50/$1.00 USD) - 2025/01/21 2:10:37 WET [2025/01/21 21:10:37 ET]
Table 'Katharina IV' 6-max Seat #1 is the button
Seat 1: B1GBankroll ($125.36 in chips) 
Seat 2: ptolejmus ($19.90 in chips) 
Seat 3: pr0tecto ($100 in chips) 
Seat 4: avlee1 ($100 in chips) 
Seat 5: afizola ($34.33 in chips) 
Seat 6: andutu34 ($103.70 in chips) 
ptolejmus: posts small blind $0.50
pr0tecto: posts big blind $1
*** HOLE CARDS ***
avlee1: folds 
afizola: calls $1
andutu34: folds 
B1GBankroll: raises $3 to $4
ptolejmus: folds 
pr0tecto: folds 
afizola: calls $3
*** FLOP *** [3c 5c 2d]
afizola: checks 
B1GBankroll: bets $4.42
afizola: folds 
Uncalled bet ($4.42) returned to B1GBankroll
B1GBankroll collected $9.02 from pot
B1GBankroll: doesn't show hand 
*** SUMMARY ***
Total pot $9.50 | Rake $0.48 
Board [3c 5c 2d]
Seat 1: B1GBankroll (button) collected ($9.02)
Seat 2: ptolejmus (small blind) folded before Flop
Seat 3: pr0tecto (big blind) folded before Flop
Seat 4: avlee1 folded before Flop (didn't bet)
Seat 5: afizola folded on the Flop
Seat 6: andutu34 folded before Flop (didn't bet)



PokerStars Hand #254494041109:  Hold'em No Limit ($0.50/$1.00 USD) - 2025/01/21 2:11:23 WET [2025/01/21 21:11:23 ET]
Table 'Katharina IV' 6-max Seat #2 is the button
Seat 1: B1GBankroll ($130.38 in chips) 
Seat 2: ptolejmus ($19.40 in chips) 
Seat 3: pr0tecto ($99 in chips) 
Seat 4: avlee1 ($100 in chips) 
Seat 5: afizola ($30.33 in chips) 
Seat 6: andutu34 ($103.70 in chips) 
pr0tecto: posts small blind $0.50
avlee1: posts big blind $1
*** HOLE CARDS ***
afizola: calls $1
andutu34: folds 
B1GBankroll: folds 
ptolejmus: folds 
pr0tecto: folds 
avlee1: raises $4 to $5
afizola: calls $4
*** FLOP *** [3s As Qh]
avlee1: bets $2.79
afizola: raises $15.56 to $18.35
avlee1: raises $15.56 to $33.91
afizola: calls $6.98 and is all-in
Uncalled bet ($8.58) returned to avlee1
*** TURN *** [3s As Qh] [6d]
*** RIVER *** [3s As Qh 6d] [6s]
*** SHOW DOWN ***
avlee1: shows [Ad Kh] (two pair, Aces and Sixes)
afizola: shows [5s Qc] (two pair, Queens and Sixes)
avlee1 collected $58.66 from pot
*** SUMMARY ***
Total pot $61.16 | Rake $2.50 
Board [3s As Qh 6d 6s]
Seat 1: B1GBankroll folded before Flop (didn't bet)
Seat 2: ptolejmus (button) folded before Flop (didn't bet)
Seat 3: pr0tecto (small blind) folded before Flop
Seat 4: avlee1 (big blind) showed [Ad Kh] and won ($58.66) with two pair, Aces and Sixes
Seat 5: afizola showed [5s Qc] and lost with two pair, Queens and Sixes
Seat 6: andutu34 folded before Flop (didn't bet)



PokerStars Hand #254494050145:  Hold'em No Limit ($0.50/$1.00 USD) - 2025/01/21 2:12:21 WET [2025/01/21 21:12:21 ET]
Table 'Katharina IV' 6-max Seat #3 is the button
Seat 5: afizola ($0 in chips) is sitting out
Seat 1: B1GBankroll ($130.38 in chips) 
Seat 2: ptolejmus ($19.40 in chips) 
Seat 3: pr0tecto ($100 in chips) 
Seat 4: avlee1 ($128.33 in chips) 
Seat 6: andutu34 ($103.70 in chips) 
avlee1: posts small blind $0.50
andutu34: posts big blind $1
*** HOLE CARDS ***
B1GBankroll: folds 
ptolejmus: folds 
pr0tecto: raises $2 to $3
afizola is disconnected 
avlee1: folds 
andutu34: folds 
Uncalled bet ($2) returned to pr0tecto
pr0tecto collected $2.50 from pot
pr0tecto: doesn't show hand 
*** SUMMARY ***
Total pot $2.50 | Rake $0 
Seat 5: afizola
Seat 1: B1GBankroll folded before Flop (didn't bet)
Seat 2: ptolejmus folded before Flop (didn't bet)
Seat 3: pr0tecto (button) collected ($2.50)
Seat 4: avlee1 (small blind) folded before Flop
Seat 6: andutu34 (big blind) folded before Flop



PokerStars Hand #254494053170:  Hold'em No Limit ($0.50/$1.00 USD) - 2025/01/21 2:12:40 WET [2025/01/21 21:12:40 ET]
Table 'Katharina IV' 6-max Seat #4 is the button
Seat 5: afizola ($0 in chips) is sitting out
Seat 1: B1GBankroll ($130.38 in chips) 
Seat 2: ptolejmus ($19.40 in chips) 
Seat 3: pr0tecto ($101.50 in chips) 
Seat 4: avlee1 ($127.83 in chips) 
Seat 6: andutu34 ($102.70 in chips) 
andutu34: posts small blind $0.50
B1GBankroll: posts big blind $1
*** HOLE CARDS ***
ptolejmus: folds 
pr0tecto: raises $1.20 to $2.20
avlee1: folds 
ptolejmus leaves the table
andutu34: folds 
B1GBankroll: folds 
Uncalled bet ($1.20) returned to pr0tecto
pr0tecto collected $2.50 from pot
pr0tecto: doesn't show hand 
*** SUMMARY ***
Total pot $2.50 | Rake $0 
Seat 5: afizola
Seat 1: B1GBankroll (big blind) folded before Flop
Seat 2: ptolejmus folded before Flop (didn't bet)
Seat 3: pr0tecto collected ($2.50)
Seat 4: avlee1 (button) folded before Flop (didn't bet)
Seat 6: andutu34 (small blind) folded before Flop



PokerStars Hand #254494093850:  Hold'em No Limit ($0.50/$1.00 USD) - 2025/01/21 2:17:03 WET [2025/01/21 21:17:03 ET]
Table 'Katharina IV' 6-max Seat #1 is the button
Seat 2: brrr93 ($21.84 in chips) is sitting out
Seat 5: afizola ($0 in chips) is sitting out
Seat 1: nikalas22 ($100 in chips) 
Seat 3: BoyLoc0 ($100 in chips) 
Seat 4: Rysiff ($100 in chips) 
Seat 6: pr0tecto ($128.30 in chips) 
BoyLoc0: posts small blind $0.50
Rysiff: posts big blind $1
*** HOLE CARDS ***
pr0tecto: folds 
nikalas22: folds 
BoyLoc0: folds 
Uncalled bet ($0.50) returned to Rysiff
Rysiff collected $1 from pot
Rysiff: doesn't show hand 
*** SUMMARY ***
Total pot $1 | Rake $0 
Seat 2: brrr93
Seat 5: afizola
Seat 1: nikalas22 (button) folded before Flop (didn't bet)
Seat 3: BoyLoc0 (small blind) folded before Flop
Seat 4: Rysiff (big blind) collected ($1)
Seat 6: pr0tecto folded before Flop (didn't bet)



PokerStars Hand #254494095017:  Hold'em No Limit ($0.50/$1.00 USD) - 2025/01/21 2:17:11 WET [2025/01/21 21:17:11 ET]
Table 'Katharina IV' 6-max Seat #3 is the button
Seat 2: brrr93 ($21.84 in chips) is sitting out
Seat 5: afizola ($0 in chips) is sitting out
Seat 1: nikalas22 ($100 in chips) 
Seat 3: BoyLoc0 ($100 in chips) 
Seat 4: Rysiff ($100.50 in chips) 
Seat 6: pr0tecto ($128.30 in chips) 
Rysiff: posts small blind $0.50
pr0tecto: posts big blind $1
brrr93: sits out 
*** HOLE CARDS ***
nikalas22: raises $1.50 to $2.50
BoyLoc0: folds 
Rysiff: folds 
pr0tecto: folds 
Uncalled bet ($1.50) returned to nikalas22
nikalas22 collected $2.50 from pot
nikalas22: doesn't show hand 
*** SUMMARY ***
Total pot $2.50 | Rake $0 
Seat 2: brrr93
Seat 5: afizola
Seat 1: nikalas22 collected ($2.50)
Seat 3: BoyLoc0 (button) folded before Flop (didn't bet)
Seat 4: Rysiff (small blind) folded before Flop
Seat 6: pr0tecto (big blind) folded before Flop



PokerStars Hand #254494096948:  Hold'em No Limit ($0.50/$1.00 USD) - 2025/01/21 2:17:23 WET [2025/01/21 21:17:23 ET]
Table 'Katharina IV' 6-max Seat #4 is the button
Seat 5: afizola ($0 in chips) is sitting out
Seat 1: nikalas22 ($101.50 in chips) 
Seat 2: brrr93 ($21.84 in chips) 
Seat 3: BoyLoc0 ($100 in chips) 
Seat 4: Rysiff ($100 in chips) 
Seat 6: pr0tecto ($127.30 in chips) 
pr0tecto: posts small blind $0.50
nikalas22: posts big blind $1
brrr93: posts big blind $1
*** HOLE CARDS ***
brrr93: raises $1 to $2
BoyLoc0: folds 
Rysiff: folds 
pr0tecto: folds 
nikalas22: calls $1
*** FLOP *** [7h 6d 7d]
nikalas22: checks 
brrr93: checks 
*** TURN *** [7h 6d 7d] [Qs]
nikalas22: checks 
brrr93: checks 
*** RIVER *** [7h 6d 7d Qs] [As]
nikalas22: checks 
brrr93: checks 
*** SHOW DOWN ***
nikalas22: shows [Th Qh] (two pair, Queens and Sevens)
brrr93: mucks hand 
nikalas22 collected $4.28 from pot
*** SUMMARY ***
Total pot $4.50 | Rake $0.22 
Board [7h 6d 7d Qs As]
Seat 5: afizola
Seat 1: nikalas22 (big blind) showed [Th Qh] and won ($4.28) with two pair, Queens and Sevens
Seat 2: brrr93 mucked
Seat 3: BoyLoc0 folded before Flop (didn't bet)
Seat 4: Rysiff (button) folded before Flop (didn't bet)
Seat 6: pr0tecto (small blind) folded before Flop



PokerStars Hand #254494101508:  Hold'em No Limit ($0.50/$1.00 USD) - 2025/01/21 2:17:53 WET [2025/01/21 21:17:53 ET]
Table 'Katharina IV' 6-max Seat #6 is the button
Seat 5: afizola ($0 in chips) is sitting out
Seat 1: nikalas22 ($103.78 in chips) 
Seat 2: brrr93 ($19.84 in chips) 
Seat 3: BoyLoc0 ($100 in chips) 
Seat 4: Rysiff ($100 in chips) 
Seat 6: pr0tecto ($126.80 in chips) 
nikalas22: posts small blind $0.50
brrr93: posts big blind $1
*** HOLE CARDS ***
BoyLoc0: folds 
Rysiff: folds 
pr0tecto: folds 
nikalas22: raises $2 to $3
brrr93: folds 
Uncalled bet ($2) returned to nikalas22
nikalas22 collected $2 from pot
nikalas22: doesn't show hand 
*** SUMMARY ***
Total pot $2 | Rake $0 
Seat 5: afizola
Seat 1: nikalas22 (small blind) collected ($2)
Seat 2: brrr93 (big blind) folded before Flop
Seat 3: BoyLoc0 folded before Flop (didn't bet)
Seat 4: Rysiff folded before Flop (didn't bet)
Seat 6: pr0tecto (button) folded before Flop (didn't bet)



PokerStars Hand #254494104195:  Hold'em No Limit ($0.50/$1.00 USD) - 2025/01/21 2:18:11 WET [2025/01/21 21:18:11 ET]
Table 'Katharina IV' 6-max Seat #1 is the button
Seat 5: afizola ($0 in chips) is sitting out
Seat 1: nikalas22 ($104.78 in chips) 
Seat 2: brrr93 ($18.84 in chips) 
Seat 3: BoyLoc0 ($100 in chips) 
Seat 4: Rysiff ($100 in chips) 
Seat 6: pr0tecto ($126.80 in chips) 
brrr93: posts small blind $0.50
BoyLoc0: posts big blind $1
*** HOLE CARDS ***
Rysiff: folds 
pr0tecto: folds 
nikalas22: folds 
brrr93: folds 
Uncalled bet ($0.50) returned to BoyLoc0
BoyLoc0 collected $1 from pot
BoyLoc0: doesn't show hand 
*** SUMMARY ***
Total pot $1 | Rake $0 
Seat 5: afizola
Seat 1: nikalas22 (button) folded before Flop (didn't bet)
Seat 2: brrr93 (small blind) folded before Flop
Seat 3: BoyLoc0 (big blind) collected ($1)
Seat 4: Rysiff folded before Flop (didn't bet)
Seat 6: pr0tecto folded before Flop (didn't bet)



PokerStars Hand #254494106617:  Hold'em No Limit ($0.50/$1.00 USD) - 2025/01/21 2:18:27 WET [2025/01/21 21:18:27 ET]
Table 'Katharina IV' 6-max Seat #2 is the button
Seat 5: afizola ($0 in chips) is sitting out
Seat 1: nikalas22 ($104.78 in chips) 
Seat 2: brrr93 ($18.34 in chips) 
Seat 3: BoyLoc0 ($100.50 in chips) 
Seat 4: Rysiff ($100 in chips) 
Seat 6: pr0tecto ($126.80 in chips) 
BoyLoc0: posts small blind $0.50
Rysiff: posts big blind $1
*** HOLE CARDS ***
pr0tecto: folds 
nikalas22: folds 
brrr93: calls $1
BoyLoc0: calls $0.50
Rysiff: checks 
*** FLOP *** [9d 8c 2s]
BoyLoc0: checks 
Rysiff: checks 
brrr93: checks 
*** TURN *** [9d 8c 2s] [4c]
BoyLoc0: checks 
Rysiff: checks 
brrr93: checks 
*** RIVER *** [9d 8c 2s 4c] [4d]
BoyLoc0: checks 
Rysiff: bets $3
brrr93: folds 
BoyLoc0: calls $3
*** SHOW DOWN ***
Rysiff: shows [4s Td] (three of a kind, Fours)
BoyLoc0: mucks hand 
Rysiff collected $8.55 from pot
*** SUMMARY ***
Total pot $9 | Rake $0.45 
Board [9d 8c 2s 4c 4d]
Seat 5: afizola
Seat 1: nikalas22 folded before Flop (didn't bet)
Seat 2: brrr93 (button) folded on the River
Seat 3: BoyLoc0 (small blind) mucked
Seat 4: Rysiff (big blind) showed [4s Td] and won ($8.55) with three of a kind, Fours
Seat 6: pr0tecto folded before Flop (didn't bet)



PokerStars Hand #254494113578:  Hold'em No Limit ($0.50/$1.00 USD) - 2025/01/21 2:19:13 WET [2025/01/21 21:19:13 ET]
Table 'Katharina IV' 6-max Seat #3 is the button
Seat 5: afizola ($0 in chips) is sitting out
Seat 1: nikalas22 ($104.78 in chips) 
Seat 2: brrr93 ($17.34 in chips) 
Seat 3: BoyLoc0 ($100 in chips) 
Seat 4: Rysiff ($104.55 in chips) 
Seat 6: pr0tecto ($126.80 in chips) 
Rysiff: posts small blind $0.50
pr0tecto: posts big blind $1
*** HOLE CARDS ***
nikalas22: folds 
brrr93: folds 
brrr93 leaves the table
BoyLoc0: folds 
Rysiff: raises $2 to $3
nikalas22 leaves the table
pr0tecto: calls $2
*** FLOP *** [Kc 6s 8c]
Rysiff: bets $1.88
pr0tecto: raises $5.12 to $7
Rysiff: calls $5.12
*** TURN *** [Kc 6s 8c] [Jd]
Rysiff: checks 
pr0tecto: checks 
*** RIVER *** [Kc 6s 8c Jd] [Td]
selas247 joins the table at seat #1 
selas247 is disconnected 
Rysiff: checks 
pr0tecto: checks 
*** SHOW DOWN ***
Rysiff: shows [8h 9h] (a pair of Eights)
pr0tecto: shows [Kd 4s] (a pair of Kings)
pr0tecto collected $19 from pot
afizola leaves the table
XXLGDXX joins the table at seat #2 
*** SUMMARY ***
Total pot $20 | Rake $1 
Board [Kc 6s 8c Jd Td]
Seat 5: afizola
Seat 1: nikalas22 folded before Flop (didn't bet)
Seat 2: brrr93 folded before Flop (didn't bet)
Seat 3: BoyLoc0 (button) folded before Flop (didn't bet)
Seat 4: Rysiff (small blind) showed [8h 9h] and lost with a pair of Eights
Seat 6: pr0tecto (big blind) showed [Kd 4s] and won ($19) with a pair of Kings



PokerStars Hand #254494120970:  Hold'em No Limit ($0.50/$1.00 USD) - 2025/01/21 2:20:01 WET [2025/01/21 21:20:01 ET]
Table 'Katharina IV' 6-max Seat #4 is the button
Seat 2: XXLGDXX ($10 in chips) is sitting out
Seat 1: selas247 ($12.81 in chips) 
Seat 3: BoyLoc0 ($100 in chips) 
Seat 4: Rysiff ($100 in chips) 
Seat 6: pr0tecto ($135.80 in chips) 
pr0tecto: posts small blind $0.50
selas247: posts big blind $1
XXLGDXX: sits out 
*** HOLE CARDS ***
BoyLoc0: folds 
Rysiff: raises $1.50 to $2.50
pr0tecto: raises $7.50 to $10
selas247: raises $2.81 to $12.81 and is all-in
Rysiff: raises $87.19 to $100 and is all-in
pr0tecto: calls $90
GuigaMan joins the table at seat #5 
*** FLOP *** [Js 3h Th]
*** TURN *** [Js 3h Th] [3d]
*** RIVER *** [Js 3h Th 3d] [2c]
*** SHOW DOWN ***
pr0tecto: shows [Qs Qh] (two pair, Queens and Threes)
Rysiff: shows [7h 7s] (two pair, Sevens and Threes)
pr0tecto collected $174.38 from side pot
selas247: shows [Jc 8d] (two pair, Jacks and Threes)
pr0tecto collected $37.43 from main pot
*** SUMMARY ***
Total pot $212.81 Main pot $37.43. Side pot $174.38. | Rake $1 
Board [Js 3h Th 3d 2c]
Seat 2: XXLGDXX
Seat 1: selas247 (big blind) showed [Jc 8d] and lost with two pair, Jacks and Threes
Seat 3: BoyLoc0 folded before Flop (didn't bet)
Seat 4: Rysiff (button) showed [7h 7s] and lost with two pair, Sevens and Threes
Seat 6: pr0tecto (small blind) showed [Qs Qh] and won ($211.81) with two pair, Queens and Threes



PokerStars Hand #254494125679:  Hold'em No Limit ($0.50/$1.00 USD) - 2025/01/21 2:20:32 WET [2025/01/21 21:20:32 ET]
Table 'Katharina IV' 6-max Seat #6 is the button
Seat 1: selas247 ($0 in chips) is sitting out
Seat 2: XXLGDXX ($10 in chips) is sitting out
Seat 5: GuigaMan ($100 in chips) is sitting out
Seat 3: BoyLoc0 ($100 in chips) 
Seat 4: Rysiff ($100 in chips) 
Seat 6: pr0tecto ($247.61 in chips) 
BoyLoc0: posts small blind $0.50
Rysiff: posts big blind $1
GuigaMan: sits out 
*** HOLE CARDS ***
pr0tecto: folds 
BoyLoc0: folds 
Uncalled bet ($0.50) returned to Rysiff
Rysiff collected $1 from pot
Rysiff: doesn't show hand 
*** SUMMARY ***
Total pot $1 | Rake $0 
Seat 1: selas247
Seat 2: XXLGDXX
Seat 5: GuigaMan
Seat 3: BoyLoc0 (small blind) folded before Flop
Seat 4: Rysiff (big blind) collected ($1)
Seat 6: pr0tecto (button) folded before Flop (didn't bet)



PokerStars Hand #254494126658:  Hold'em No Limit ($0.50/$1.00 USD) - 2025/01/21 2:20:38 WET [2025/01/21 21:20:38 ET]
Table 'Katharina IV' 6-max Seat #3 is the button
Seat 2: XXLGDXX ($10 in chips) is sitting out
Seat 3: BoyLoc0 ($100 in chips) 
Seat 4: Rysiff ($100.50 in chips) 
Seat 5: GuigaMan ($100 in chips) 
Seat 6: pr0tecto ($247.61 in chips) 
Rysiff: posts small blind $0.50
GuigaMan: posts big blind $1
selas247 leaves the table
XXLGDXX: sits out 
*** HOLE CARDS ***
pr0tecto: folds 
BoyLoc0: folds 
Rysiff: folds 
Uncalled bet ($0.50) returned to GuigaMan
GuigaMan collected $1 from pot
*** SUMMARY ***
Total pot $1 | Rake $0 
Seat 2: XXLGDXX
Seat 3: BoyLoc0 (button) folded before Flop (didn't bet)
Seat 4: Rysiff (small blind) folded before Flop
Seat 5: GuigaMan (big blind) collected ($1)
Seat 6: pr0tecto folded before Flop (didn't bet)



PokerStars Hand #254494127770:  Hold'em No Limit ($0.50/$1.00 USD) - 2025/01/21 2:20:46 WET [2025/01/21 21:20:46 ET]
Table 'Katharina IV' 6-max Seat #4 is the button
Seat 2: XXLGDXX ($10 in chips) 
Seat 3: BoyLoc0 ($100 in chips) 
Seat 4: Rysiff ($100 in chips) 
Seat 5: GuigaMan ($100.50 in chips) 
Seat 6: pr0tecto ($247.61 in chips) 
GuigaMan: posts small blind $0.50
pr0tecto: posts big blind $1
XXLGDXX: posts big blind $1
*** HOLE CARDS ***
XXLGDXX: checks 
BoyLoc0: raises $3 to $4
Rysiff: folds 
GuigaMan: folds 
pr0tecto: folds 
XXLGDXX: folds 
Uncalled bet ($3) returned to BoyLoc0
BoyLoc0 collected $3.50 from pot
BoyLoc0: doesn't show hand 
*** SUMMARY ***
Total pot $3.50 | Rake $0 
Seat 2: XXLGDXX folded before Flop (didn't bet)
Seat 3: BoyLoc0 collected ($3.50)
Seat 4: Rysiff (button) folded before Flop (didn't bet)
Seat 5: GuigaMan (small blind) folded before Flop
Seat 6: pr0tecto (big blind) folded before Flop



PokerStars Hand #254494131312:  Hold'em No Limit ($0.50/$1.00 USD) - 2025/01/21 2:21:09 WET [2025/01/21 21:21:09 ET]
Table 'Katharina IV' 6-max Seat #5 is the button
Seat 2: XXLGDXX ($9 in chips) 
Seat 3: BoyLoc0 ($102.50 in chips) 
Seat 4: Rysiff ($100 in chips) 
Seat 5: GuigaMan ($100 in chips) 
Seat 6: pr0tecto ($246.61 in chips) 
pr0tecto: posts small blind $0.50
XXLGDXX: posts big blind $1
*** HOLE CARDS ***
BoyLoc0: folds 
Rysiff: folds 
BoyLoc0 leaves the table
GuigaMan: folds 
pr0tecto: raises $1.24 to $2.24
GuigaMan leaves the table
XXLGDXX: calls $1.24
*** FLOP *** [6d 2h Qd]
pr0tecto: checks 
XXLGDXX: bets $4
pr0tecto: raises $12.50 to $16.50
XXLGDXX: calls $2.76 and is all-in
Uncalled bet ($9.74) returned to pr0tecto
*** TURN *** [6d 2h Qd] [As]
*** RIVER *** [6d 2h Qd As] [Ks]
*** SHOW DOWN ***
pr0tecto: shows [Jc Qs] (a pair of Queens)
XXLGDXX: shows [4h Qh] (a pair of Queens - lower kicker)
pr0tecto collected $17.10 from pot
*** SUMMARY ***
Total pot $18 | Rake $0.90 
Board [6d 2h Qd As Ks]
Seat 2: XXLGDXX (big blind) showed [4h Qh] and lost with a pair of Queens
Seat 3: BoyLoc0 folded before Flop (didn't bet)
Seat 4: Rysiff folded before Flop (didn't bet)
Seat 5: GuigaMan (button) folded before Flop (didn't bet)
Seat 6: pr0tecto (small blind) showed [Jc Qs] and won ($17.10) with a pair of Queens



PokerStars Hand #254494139498:  Hold'em No Limit ($0.50/$1.00 USD) - 2025/01/21 2:22:03 WET [2025/01/21 21:22:03 ET]
Table 'Katharina IV' 6-max Seat #6 is the button
Seat 2: XXLGDXX ($65 in chips) 
Seat 4: Rysiff ($100 in chips) 
Seat 6: pr0tecto ($254.71 in chips) 
XXLGDXX: posts small blind $0.50
Rysiff: posts big blind $1
*** HOLE CARDS ***
pr0tecto: folds 
XXLGDXX: calls $0.50
Rysiff: checks 
*** FLOP *** [Kh 5s 4c]
pr0tecto leaves the table
XXLGDXX: checks 
Rysiff: bets $2
XXLGDXX: calls $2
*** TURN *** [Kh 5s 4c] [8s]
pr0tecto joins the table at seat #3 
XXLGDXX: checks 
Rysiff: bets $6
XXLGDXX: raises $6 to $12
Rysiff: calls $6
*** RIVER *** [Kh 5s 4c 8s] [As]
XXLGDXX: checks 
Rysiff: bets $50
XXLGDXX: folds 
Uncalled bet ($50) returned to Rysiff
Rysiff collected $29 from pot
Rysiff: doesn't show hand 
*** SUMMARY ***
Total pot $30 | Rake $1 
Board [Kh 5s 4c 8s As]
Seat 2: XXLGDXX (small blind) folded on the River
Seat 4: Rysiff (big blind) collected ($29)
Seat 6: pr0tecto (button) folded before Flop (didn't bet)



PokerStars Hand #254494150038:  Hold'em No Limit ($0.50/$1.00 USD) - 2025/01/21 2:23:14 WET [2025/01/21 21:23:14 ET]
Table 'Katharina IV' 6-max Seat #4 is the button
Seat 3: pr0tecto ($254.71 in chips) is sitting out
Seat 2: XXLGDXX ($50 in chips) 
Seat 4: Rysiff ($114 in chips) 
Rysiff: posts small blind $0.50
XXLGDXX: posts big blind $1
*** HOLE CARDS ***
danuuutz joins the table at seat #5 
Rysiff: raises $2 to $3
XXLGDXX: calls $2
*** FLOP *** [Jc 3c As]
XXLGDXX: checks 
Rysiff: bets $1.88
XXLGDXX: folds 
Uncalled bet ($1.88) returned to Rysiff
Rysiff collected $5.70 from pot
Rysiff: doesn't show hand 
*** SUMMARY ***
Total pot $6 | Rake $0.30 
Board [Jc 3c As]
Seat 3: pr0tecto
Seat 2: XXLGDXX (big blind) folded on the Flop
Seat 4: Rysiff (button) (small blind) collected ($5.70)



PokerStars Hand #254494152732:  Hold'em No Limit ($0.50/$1.00 USD) - 2025/01/21 2:23:32 WET [2025/01/21 21:23:32 ET]
Table 'Katharina IV' 6-max Seat #2 is the button
Seat 3: pr0tecto ($254.71 in chips) is sitting out
Seat 2: XXLGDXX ($47 in chips) 
Seat 4: Rysiff ($116.70 in chips) 
Seat 5: danuuutz ($100 in chips) 
Rysiff: posts small blind $0.50
danuuutz: posts big blind $1
*** HOLE CARDS ***
XXLGDXX: calls $1
Rysiff: raises $3 to $4
danuuutz: folds 
XXLGDXX: calls $3
*** FLOP *** [5s 5c Kh]
Rysiff: bets $2.82
XXLGDXX: folds 
Uncalled bet ($2.82) returned to Rysiff
Rysiff collected $8.55 from pot
Rysiff: doesn't show hand 
*** SUMMARY ***
Total pot $9 | Rake $0.45 
Board [5s 5c Kh]
Seat 3: pr0tecto
Seat 2: XXLGDXX (button) folded on the Flop
Seat 4: Rysiff (small blind) collected ($8.55)
Seat 5: danuuutz (big blind) folded before Flop



PokerStars Hand #254494157129:  Hold'em No Limit ($0.50/$1.00 USD) - 2025/01/21 2:24:02 WET [2025/01/21 21:24:02 ET]
Table 'Katharina IV' 6-max Seat #4 is the button
Seat 3: pr0tecto ($254.71 in chips) is sitting out
Seat 2: XXLGDXX ($43 in chips) 
Seat 4: Rysiff ($121.25 in chips) 
Seat 5: danuuutz ($100 in chips) 
danuuutz: posts small blind $0.50
XXLGDXX: posts big blind $1
pr0tecto: sits out 
*** HOLE CARDS ***
Rysiff: raises $1.50 to $2.50
danuuutz: folds 
XXLGDXX: calls $1.50
*** FLOP *** [4c Qs Kh]
vezis3 joins the table at seat #6 
XXLGDXX: checks 
50CandyJoe joins the table at seat #1 
Rysiff: bets $2.61
XXLGDXX: calls $2.61
*** TURN *** [4c Qs Kh] [6c]
XXLGDXX: checks 
Rysiff: checks 
*** RIVER *** [4c Qs Kh 6c] [5s]
XXLGDXX: bets $1
Rysiff: calls $1
*** SHOW DOWN ***
XXLGDXX: shows [4d 8s] (a pair of Fours)
Rysiff: shows [6d Td] (a pair of Sixes)
Rysiff collected $12.08 from pot
*** SUMMARY ***
Total pot $12.72 | Rake $0.64 
Board [4c Qs Kh 6c 5s]
Seat 3: pr0tecto
Seat 2: XXLGDXX (big blind) showed [4d 8s] and lost with a pair of Fours
Seat 4: Rysiff (button) showed [6d Td] and won ($12.08) with a pair of Sixes
Seat 5: danuuutz (small blind) folded before Flop



PokerStars Hand #254494160674:  Hold'em No Limit ($0.50/$1.00 USD) - 2025/01/21 2:24:25 WET [2025/01/21 21:24:25 ET]
Table 'Katharina IV' 6-max Seat #5 is the button
Seat 1: 50CandyJoe ($100 in chips) is sitting out
Seat 6: vezis3 ($100 in chips) is sitting out
Seat 2: XXLGDXX ($36.89 in chips) 
Seat 3: pr0tecto ($254.71 in chips) 
Seat 4: Rysiff ($127.22 in chips) 
Seat 5: danuuutz ($100 in chips) 
XXLGDXX: posts small blind $0.50
pr0tecto: posts big blind $1
*** HOLE CARDS ***
Rysiff: folds 
danuuutz: folds 
XXLGDXX: calls $0.50
pr0tecto: raises $3.50 to $4.50
XXLGDXX: raises $32.39 to $36.89 and is all-in
pr0tecto: folds 
Uncalled bet ($32.39) returned to XXLGDXX
XXLGDXX collected $9 from pot
XXLGDXX: doesn't show hand 
*** SUMMARY ***
Total pot $9 | Rake $0 
Seat 1: 50CandyJoe
Seat 6: vezis3
Seat 2: XXLGDXX (small blind) collected ($9)
Seat 3: pr0tecto (big blind) folded before Flop
Seat 4: Rysiff folded before Flop (didn't bet)
Seat 5: danuuutz (button) folded before Flop (didn't bet)



PokerStars Hand #254494165461:  Hold'em No Limit ($0.50/$1.00 USD) - 2025/01/21 2:24:57 WET [2025/01/21 21:24:57 ET]
Table 'Katharina IV' 6-max Seat #2 is the button
Seat 1: 50CandyJoe ($100 in chips) is sitting out
Seat 6: vezis3 ($100 in chips) is sitting out
Seat 2: XXLGDXX ($41.39 in chips) 
Seat 3: pr0tecto ($250.21 in chips) 
Seat 4: Rysiff ($127.22 in chips) 
Seat 5: danuuutz ($100 in chips) 
pr0tecto: posts small blind $0.50
Rysiff: posts big blind $1
vezis3: sits out 
50CandyJoe: sits out 
*** HOLE CARDS ***
danuuutz: folds 
XXLGDXX: calls $1
pr0tecto: folds 
Rysiff: checks 
*** FLOP *** [5h 2d Qc]
Rysiff: checks 
XXLGDXX: checks 
*** TURN *** [5h 2d Qc] [7d]
Rysiff: checks 
XXLGDXX: bets $1
Rysiff: calls $1
*** RIVER *** [5h 2d Qc 7d] [5c]
Rysiff: checks 
XXLGDXX: checks 
*** SHOW DOWN ***
Rysiff: shows [3h 3c] (two pair, Fives and Threes)
XXLGDXX: mucks hand 
Rysiff collected $4.28 from pot
*** SUMMARY ***
Total pot $4.50 | Rake $0.22 
Board [5h 2d Qc 7d 5c]
Seat 1: 50CandyJoe
Seat 6: vezis3
Seat 2: XXLGDXX (button) mucked
Seat 3: pr0tecto (small blind) folded before Flop
Seat 4: Rysiff (big blind) showed [3h 3c] and won ($4.28) with two pair, Fives and Threes
Seat 5: danuuutz folded before Flop (didn't bet)



PokerStars Hand #254494169869:  Hold'em No Limit ($0.50/$1.00 USD) - 2025/01/21 2:25:26 WET [2025/01/21 21:25:26 ET]
Table 'Katharina IV' 6-max Seat #3 is the button
Seat 1: 50CandyJoe ($100 in chips) is sitting out
Seat 6: vezis3 ($100 in chips) is sitting out
Seat 2: XXLGDXX ($39.39 in chips) 
Seat 3: pr0tecto ($249.71 in chips) 
Seat 4: Rysiff ($129.50 in chips) 
Seat 5: danuuutz ($100 in chips) 
Rysiff: posts small blind $0.50
danuuutz: posts big blind $1
vezis3: sits out 
50CandyJoe: sits out 
*** HOLE CARDS ***
XXLGDXX: folds 
pr0tecto: folds 
Rysiff: raises $2 to $3
danuuutz: folds 
Uncalled bet ($2) returned to Rysiff
Rysiff collected $2 from pot
Rysiff: doesn't show hand 
*** SUMMARY ***
Total pot $2 | Rake $0 
Seat 1: 50CandyJoe
Seat 6: vezis3
Seat 2: XXLGDXX folded before Flop (didn't bet)
Seat 3: pr0tecto (button) folded before Flop (didn't bet)
Seat 4: Rysiff (small blind) collected ($2)
Seat 5: danuuutz (big blind) folded before Flop



PokerStars Hand #254494172093:  Hold'em No Limit ($0.50/$1.00 USD) - 2025/01/21 2:25:41 WET [2025/01/21 21:25:41 ET]
Table 'Katharina IV' 6-max Seat #4 is the button
Seat 1: 50CandyJoe ($100 in chips) is sitting out
Seat 2: XXLGDXX ($39.39 in chips) 
Seat 3: pr0tecto ($249.71 in chips) 
Seat 4: Rysiff ($130.50 in chips) 
Seat 5: danuuutz ($100 in chips) 
Seat 6: vezis3 ($100 in chips) 
danuuutz: posts small blind $0.50
vezis3: posts big blind $1
50CandyJoe: sits out 
*** HOLE CARDS ***
XXLGDXX: folds 
pr0tecto: raises $1.20 to $2.20
Rysiff: folds 
danuuutz: folds 
vezis3: folds 
Uncalled bet ($1.20) returned to pr0tecto
pr0tecto collected $2.50 from pot
pr0tecto: doesn't show hand 
*** SUMMARY ***
Total pot $2.50 | Rake $0 
Seat 1: 50CandyJoe
Seat 2: XXLGDXX folded before Flop (didn't bet)
Seat 3: pr0tecto collected ($2.50)
Seat 4: Rysiff (button) folded before Flop (didn't bet)
Seat 5: danuuutz (small blind) folded before Flop
Seat 6: vezis3 (big blind) folded before Flop



PokerStars Hand #254494175356:  Hold'em No Limit ($0.50/$1.00 USD) - 2025/01/21 2:26:02 WET [2025/01/21 21:26:02 ET]
Table 'Katharina IV' 6-max Seat #5 is the button
Seat 1: 50CandyJoe ($100 in chips) 
Seat 2: XXLGDXX ($39.39 in chips) 
Seat 3: pr0tecto ($251.21 in chips) 
Seat 4: Rysiff ($130.50 in chips) 
Seat 5: danuuutz ($100 in chips) 
Seat 6: vezis3 ($100 in chips) 
vezis3: posts small blind $0.50
50CandyJoe: posts big blind $1
*** HOLE CARDS ***
XXLGDXX: calls $1
pr0tecto: folds 
Rysiff: raises $3 to $4
danuuutz: folds 
vezis3: folds 
50CandyJoe: raises $10 to $14
XXLGDXX: raises $25.39 to $39.39 and is all-in
Rysiff: folds 
50CandyJoe: calls $25.39
*** FLOP *** [3h 9c 8h]
*** TURN *** [3h 9c 8h] [Ks]
*** RIVER *** [3h 9c 8h Ks] [3d]
*** SHOW DOWN ***
50CandyJoe: shows [Ad Qs] (a pair of Threes)
XXLGDXX: shows [Ah 6c] (a pair of Threes - lower kicker)
50CandyJoe collected $80.78 from pot
*** SUMMARY ***
Total pot $83.28 | Rake $2.50 
Board [3h 9c 8h Ks 3d]
Seat 1: 50CandyJoe (big blind) showed [Ad Qs] and won ($80.78) with a pair of Threes
Seat 2: XXLGDXX showed [Ah 6c] and lost with a pair of Threes
Seat 3: pr0tecto folded before Flop (didn't bet)
Seat 4: Rysiff folded before Flop
Seat 5: danuuutz (button) folded before Flop (didn't bet)
Seat 6: vezis3 (small blind) folded before Flop



PokerStars Hand #254494182832:  Hold'em No Limit ($0.50/$1.00 USD) - 2025/01/21 2:26:53 WET [2025/01/21 21:26:53 ET]
Table 'Katharina IV' 6-max Seat #6 is the button
Seat 2: XXLGDXX ($0 in chips) is sitting out
Seat 1: 50CandyJoe ($141.39 in chips) 
Seat 3: pr0tecto ($251.21 in chips) 
Seat 4: Rysiff ($126.50 in chips) 
Seat 5: danuuutz ($100 in chips) 
Seat 6: vezis3 ($100 in chips) 
50CandyJoe: posts small blind $0.50
pr0tecto: posts big blind $1
*** HOLE CARDS ***
Rysiff: folds 
XXLGDXX leaves the table
danuuutz: folds 
vezis3: folds 
Rysiff leaves the table
GuigaMan joins the table at seat #2 
50CandyJoe has timed out
50CandyJoe: folds 
Uncalled bet ($0.50) returned to pr0tecto
pr0tecto collected $1 from pot
pr0tecto: doesn't show hand 
*** SUMMARY ***
Total pot $1 | Rake $0 
Seat 2: XXLGDXX
Seat 1: 50CandyJoe (small blind) folded before Flop
Seat 3: pr0tecto (big blind) collected ($1)
Seat 4: Rysiff folded before Flop (didn't bet)
Seat 5: danuuutz folded before Flop (didn't bet)
Seat 6: vezis3 (button) folded before Flop (didn't bet)



PokerStars Hand #254494188275:  Hold'em No Limit ($0.50/$1.00 USD) - 2025/01/21 2:27:29 WET [2025/01/21 21:27:29 ET]
Table 'Katharina IV' 6-max Seat #1 is the button
Seat 2: GuigaMan ($100 in chips) is sitting out
Seat 1: 50CandyJoe ($140.89 in chips) 
Seat 3: pr0tecto ($251.71 in chips) 
Seat 5: danuuutz ($100 in chips) 
Seat 6: vezis3 ($100 in chips) 
pr0tecto: posts small blind $0.50
danuuutz: posts big blind $1
*** HOLE CARDS ***
vezis3: folds 
50CandyJoe: raises $1.50 to $2.50
pr0tecto: calls $2
danuuutz: raises $15 to $17.50
50CandyJoe: folds 
pr0tecto: folds 
Uncalled bet ($15) returned to danuuutz
danuuutz collected $7.50 from pot
danuuutz: doesn't show hand 
*** SUMMARY ***
Total pot $7.50 | Rake $0 
Seat 2: GuigaMan
Seat 1: 50CandyJoe (button) folded before Flop
Seat 3: pr0tecto (small blind) folded before Flop
Seat 5: danuuutz (big blind) collected ($7.50)
Seat 6: vezis3 folded before Flop (didn't bet)



PokerStars Hand #254494194268:  Hold'em No Limit ($0.50/$1.00 USD) - 2025/01/21 2:28:09 WET [2025/01/21 21:28:09 ET]
Table 'Katharina IV' 6-max Seat #3 is the button
Seat 2: GuigaMan ($100 in chips) is sitting out
Seat 6: vezis3 ($100 in chips) is sitting out
Seat 1: 50CandyJoe ($138.39 in chips) 
Seat 3: pr0tecto ($249.21 in chips) 
Seat 5: danuuutz ($105 in chips) 
danuuutz: posts small blind $0.50
vezis3: is sitting out 
50CandyJoe: posts big blind $1
GuigaMan: sits out 
*** HOLE CARDS ***
pr0tecto: raises $2 to $3
danuuutz: folds 
50CandyJoe: folds 
Uncalled bet ($2) returned to pr0tecto
pr0tecto collected $2.50 from pot
pr0tecto: doesn't show hand 
vezis3 leaves the table
*** SUMMARY ***
Total pot $2.50 | Rake $0 
Seat 2: GuigaMan
Seat 6: vezis3
Seat 1: 50CandyJoe (big blind) folded before Flop
Seat 3: pr0tecto (button) collected ($2.50)
Seat 5: danuuutz (small blind) folded before Flop



PokerStars Hand #254494196059:  Hold'em No Limit ($0.50/$1.00 USD) - 2025/01/21 2:28:21 WET [2025/01/21 21:28:21 ET]
Table 'Katharina IV' 6-max Seat #5 is the button
Seat 1: 50CandyJoe ($137.39 in chips) 
Seat 2: GuigaMan ($100 in chips) 
Seat 3: pr0tecto ($250.71 in chips) 
Seat 5: danuuutz ($104.50 in chips) 
50CandyJoe: posts small blind $0.50
GuigaMan: posts big blind $1
*** HOLE CARDS ***
pr0tecto: raises $1.20 to $2.20
danuuutz: folds 
50CandyJoe: folds 
GuigaMan: calls $1.20
*** FLOP *** [9d 6s 2c]
GuigaMan: checks 
pr0tecto: bets $2.80
GuigaMan: folds 
Uncalled bet ($2.80) returned to pr0tecto
pr0tecto collected $4.66 from pot
pr0tecto: doesn't show hand 
*** SUMMARY ***
Total pot $4.90 | Rake $0.24 
Board [9d 6s 2c]
Seat 1: 50CandyJoe (small blind) folded before Flop
Seat 2: GuigaMan (big blind) folded on the Flop
Seat 3: pr0tecto collected ($4.66)
Seat 5: danuuutz (button) folded before Flop (didn't bet)



PokerStars Hand #254494199820:  Hold'em No Limit ($0.50/$1.00 USD) - 2025/01/21 2:28:46 WET [2025/01/21 21:28:46 ET]
Table 'Katharina IV' 6-max Seat #2 is the button
Seat 3: pr0tecto ($253.17 in chips) is sitting out
Seat 5: danuuutz ($104.50 in chips) is sitting out
Seat 1: 50CandyJoe ($136.89 in chips) 
Seat 2: GuigaMan ($100 in chips) 
GuigaMan: posts small blind $0.50
pr0tecto: is sitting out 
danuuutz: is sitting out 
50CandyJoe: posts big blind $1
*** HOLE CARDS ***
GuigaMan: raises $2 to $3
50CandyJoe: folds 
Uncalled bet ($2) returned to GuigaMan
pr0tecto leaves the table
danuuutz leaves the table
GuigaMan collected $2 from pot
*** SUMMARY ***
Total pot $2 | Rake $0 
Seat 3: pr0tecto
Seat 5: danuuutz
Seat 1: 50CandyJoe (big blind) folded before Flop
Seat 2: GuigaMan (button) (small blind) collected ($2)



