PokerStars Hand #254485380686:  Hold'em No Limit ($0.50/$1.00 USD) - 2025/01/21 16:32:14 WET [2025/01/21 11:32:14 ET]
Table 'Colocolo III' 6-max Seat #3 is the button
Seat 1: mr.Jckpot ($100 in chips) is sitting out
Seat 2: 3EPH ($100 in chips) 
Seat 3: andrijans ($98.89 in chips) 
Seat 4: Gfoer ($100 in chips) 
Seat 5: blistein ($101.50 in chips) 
Seat 6: Evelexy1 ($100 in chips) 
Gfoer: posts small blind $0.50
blistein: posts big blind $1
mr.Jckpot: sits out 
*** HOLE CARDS ***
Evelexy1: folds 
3EPH: folds 
andrijans: raises $1 to $2
Gfoer: folds 
blistein: folds 
Uncalled bet ($1) returned to andrijans
andrijans collected $2.50 from pot
*** SUMMARY ***
Total pot $2.50 | Rake $0 
Seat 1: mr.Jckpot
Seat 2: 3EPH folded before Flop (didn't bet)
Seat 3: andrijans (button) collected ($2.50)
Seat 4: Gfoer (small blind) folded before Flop
Seat 5: blistein (big blind) folded before Flop
Seat 6: Evelexy1 folded before Flop (didn't bet)



PokerStars Hand #254485383865:  Hold'em No Limit ($0.50/$1.00 USD) - 2025/01/21 16:32:29 WET [2025/01/21 11:32:29 ET]
Table 'Colocolo III' 6-max Seat #4 is the button
Seat 1: mr.Jckpot ($100 in chips) is sitting out
Seat 2: 3EPH ($100 in chips) 
Seat 3: andrijans ($100.39 in chips) 
Seat 4: Gfoer ($100 in chips) 
Seat 5: blistein ($100.50 in chips) 
Seat 6: Evelexy1 ($100 in chips) 
blistein: posts small blind $0.50
Evelexy1: posts big blind $1
mr.Jckpot: sits out 
*** HOLE CARDS ***
3EPH: folds 
andrijans: folds 
Gfoer: raises $1.50 to $2.50
blistein: folds 
Evelexy1: folds 
Uncalled bet ($1.50) returned to Gfoer
Gfoer collected $2.50 from pot
Gfoer: doesn't show hand 
*** SUMMARY ***
Total pot $2.50 | Rake $0 
Seat 1: mr.Jckpot
Seat 2: 3EPH folded before Flop (didn't bet)
Seat 3: andrijans folded before Flop (didn't bet)
Seat 4: Gfoer (button) collected ($2.50)
Seat 5: blistein (small blind) folded before Flop
Seat 6: Evelexy1 (big blind) folded before Flop



PokerStars Hand #254485391185:  Hold'em No Limit ($0.50/$1.00 USD) - 2025/01/21 16:33:02 WET [2025/01/21 11:33:02 ET]
Table 'Colocolo III' 6-max Seat #5 is the button
Seat 1: mr.Jckpot ($100 in chips) 
Seat 2: 3EPH ($100 in chips) 
Seat 3: andrijans ($100.39 in chips) 
Seat 4: Gfoer ($101.50 in chips) 
Seat 5: blistein ($100 in chips) 
Seat 6: Evelexy1 ($100 in chips) 
Evelexy1: posts small blind $0.50
mr.Jckpot: posts big blind $1
*** HOLE CARDS ***
3EPH: raises $1.50 to $2.50
andrijans: folds 
Gfoer: raises $6 to $8.50
blistein: folds 
Evelexy1: folds 
mr.Jckpot: folds 
3EPH: folds 
Uncalled bet ($6) returned to Gfoer
Gfoer collected $6.50 from pot
Gfoer: doesn't show hand 
*** SUMMARY ***
Total pot $6.50 | Rake $0 
Seat 1: mr.Jckpot (big blind) folded before Flop
Seat 2: 3EPH folded before Flop
Seat 3: andrijans folded before Flop (didn't bet)
Seat 4: Gfoer collected ($6.50)
Seat 5: blistein (button) folded before Flop (didn't bet)
Seat 6: Evelexy1 (small blind) folded before Flop



PokerStars Hand #254485397035:  Hold'em No Limit ($0.50/$1.00 USD) - 2025/01/21 16:33:29 WET [2025/01/21 11:33:29 ET]
Table 'Colocolo III' 6-max Seat #6 is the button
Seat 1: mr.Jckpot ($100 in chips) 
Seat 2: 3EPH ($100 in chips) 
Seat 3: andrijans ($100.39 in chips) 
Seat 4: Gfoer ($105.50 in chips) 
Seat 5: blistein ($100 in chips) 
Seat 6: Evelexy1 ($100 in chips) 
mr.Jckpot: posts small blind $0.50
3EPH: posts big blind $1
*** HOLE CARDS ***
andrijans: folds 
Gfoer: folds 
blistein: folds 
Evelexy1: folds 
mr.Jckpot: raises $2 to $3
3EPH: calls $2
*** FLOP *** [6h Qc 9h]
mr.Jckpot: checks 
3EPH: checks 
*** TURN *** [6h Qc 9h] [Ah]
mr.Jckpot: checks 
3EPH: checks 
*** RIVER *** [6h Qc 9h Ah] [9d]
mr.Jckpot: checks 
3EPH: bets $4.28
mr.Jckpot: folds 
Uncalled bet ($4.28) returned to 3EPH
3EPH collected $5.70 from pot
3EPH: doesn't show hand 
*** SUMMARY ***
Total pot $6 | Rake $0.30 
Board [6h Qc 9h Ah 9d]
Seat 1: mr.Jckpot (small blind) folded on the River
Seat 2: 3EPH (big blind) collected ($5.70)
Seat 3: andrijans folded before Flop (didn't bet)
Seat 4: Gfoer folded before Flop (didn't bet)
Seat 5: blistein folded before Flop (didn't bet)
Seat 6: Evelexy1 (button) folded before Flop (didn't bet)



PokerStars Hand #254485410902:  Hold'em No Limit ($0.50/$1.00 USD) - 2025/01/21 16:34:31 WET [2025/01/21 11:34:31 ET]
Table 'Colocolo III' 6-max Seat #1 is the button
Seat 1: mr.Jckpot ($100 in chips) 
Seat 2: 3EPH ($102.70 in chips) 
Seat 3: andrijans ($100.39 in chips) 
Seat 4: Gfoer ($105.50 in chips) 
Seat 5: blistein ($100 in chips) 
Seat 6: Evelexy1 ($100 in chips) 
3EPH: posts small blind $0.50
andrijans: posts big blind $1
*** HOLE CARDS ***
Gfoer: folds 
blistein: folds 
Evelexy1: folds 
mr.Jckpot: folds 
3EPH: folds 
Uncalled bet ($0.50) returned to andrijans
andrijans collected $1 from pot
*** SUMMARY ***
Total pot $1 | Rake $0 
Seat 1: mr.Jckpot (button) folded before Flop (didn't bet)
Seat 2: 3EPH (small blind) folded before Flop
Seat 3: andrijans (big blind) collected ($1)
Seat 4: Gfoer folded before Flop (didn't bet)
Seat 5: blistein folded before Flop (didn't bet)
Seat 6: Evelexy1 folded before Flop (didn't bet)



PokerStars Hand #254485416384:  Hold'em No Limit ($0.50/$1.00 USD) - 2025/01/21 16:34:55 WET [2025/01/21 11:34:55 ET]
Table 'Colocolo III' 6-max Seat #2 is the button
Seat 1: mr.Jckpot ($100 in chips) 
Seat 2: 3EPH ($102.20 in chips) 
Seat 3: andrijans ($100.89 in chips) 
Seat 4: Gfoer ($105.50 in chips) 
Seat 5: blistein ($100 in chips) 
Seat 6: Evelexy1 ($100 in chips) 
andrijans: posts small blind $0.50
Gfoer: posts big blind $1
*** HOLE CARDS ***
blistein: folds 
Evelexy1: folds 
mr.Jckpot: folds 
3EPH: raises $1.50 to $2.50
andrijans: calls $2
Gfoer: folds 
*** FLOP *** [9d 2d Qs]
andrijans: checks 
3EPH: bets $4.28
andrijans: calls $4.28
*** TURN *** [9d 2d Qs] [Jc]
andrijans: checks 
3EPH: bets $10.35
andrijans: raises $83.76 to $94.11 and is all-in
3EPH: calls $83.76
*** RIVER *** [9d 2d Qs Jc] [4d]
*** SHOW DOWN ***
andrijans: shows [Qh 9c] (two pair, Queens and Nines)
3EPH: shows [9s Qc] (two pair, Queens and Nines)
andrijans collected $99.83 from pot
3EPH collected $100.14 from pot
*** SUMMARY ***
Total pot $202.78 | Rake $2.81 
Board [9d 2d Qs Jc 4d]
Seat 1: mr.Jckpot folded before Flop (didn't bet)
Seat 2: 3EPH (button) showed [9s Qc] and won ($100.14) with two pair, Queens and Nines
Seat 3: andrijans (small blind) showed [Qh 9c] and won ($99.83) with two pair, Queens and Nines
Seat 4: Gfoer (big blind) folded before Flop
Seat 5: blistein folded before Flop (didn't bet)
Seat 6: Evelexy1 folded before Flop (didn't bet)



PokerStars Hand #254485427997:  Hold'em No Limit ($0.50/$1.00 USD) - 2025/01/21 16:35:48 WET [2025/01/21 11:35:48 ET]
Table 'Colocolo III' 6-max Seat #3 is the button
Seat 1: mr.Jckpot ($100 in chips) 
Seat 2: 3EPH ($101.45 in chips) 
Seat 3: andrijans ($99.83 in chips) 
Seat 4: Gfoer ($104.50 in chips) 
Seat 5: blistein ($100 in chips) 
Seat 6: Evelexy1 ($100 in chips) 
Gfoer: posts small blind $0.50
blistein: posts big blind $1
*** HOLE CARDS ***
Evelexy1: folds 
mr.Jckpot: raises $1.50 to $2.50
3EPH: folds 
andrijans: folds 
Gfoer: folds 
blistein: folds 
Uncalled bet ($1.50) returned to mr.Jckpot
mr.Jckpot collected $2.50 from pot
mr.Jckpot: doesn't show hand 
*** SUMMARY ***
Total pot $2.50 | Rake $0 
Seat 1: mr.Jckpot collected ($2.50)
Seat 2: 3EPH folded before Flop (didn't bet)
Seat 3: andrijans (button) folded before Flop (didn't bet)
Seat 4: Gfoer (small blind) folded before Flop
Seat 5: blistein (big blind) folded before Flop
Seat 6: Evelexy1 folded before Flop (didn't bet)



PokerStars Hand #254485431242:  Hold'em No Limit ($0.50/$1.00 USD) - 2025/01/21 16:36:02 WET [2025/01/21 11:36:02 ET]
Table 'Colocolo III' 6-max Seat #4 is the button
Seat 1: mr.Jckpot ($101.50 in chips) 
Seat 2: 3EPH ($101.45 in chips) 
Seat 3: andrijans ($99.83 in chips) 
Seat 4: Gfoer ($104 in chips) 
Seat 5: blistein ($100 in chips) 
Seat 6: Evelexy1 ($100 in chips) 
blistein: posts small blind $0.50
Evelexy1: posts big blind $1
*** HOLE CARDS ***
mr.Jckpot: folds 
3EPH: folds 
andrijans: folds 
Gfoer: folds 
blistein: raises $2 to $3
Evelexy1: calls $2
*** FLOP *** [Ks Ts 3d]
blistein: bets $1.94
Evelexy1: folds 
Uncalled bet ($1.94) returned to blistein
blistein collected $5.70 from pot
blistein: doesn't show hand 
*** SUMMARY ***
Total pot $6 | Rake $0.30 
Board [Ks Ts 3d]
Seat 1: mr.Jckpot folded before Flop (didn't bet)
Seat 2: 3EPH folded before Flop (didn't bet)
Seat 3: andrijans folded before Flop (didn't bet)
Seat 4: Gfoer (button) folded before Flop (didn't bet)
Seat 5: blistein (small blind) collected ($5.70)
Seat 6: Evelexy1 (big blind) folded on the Flop



PokerStars Hand #254485437623:  Hold'em No Limit ($0.50/$1.00 USD) - 2025/01/21 16:36:31 WET [2025/01/21 11:36:31 ET]
Table 'Colocolo III' 6-max Seat #5 is the button
Seat 1: mr.Jckpot ($101.50 in chips) 
Seat 2: 3EPH ($101.45 in chips) 
Seat 3: andrijans ($99.83 in chips) 
Seat 4: Gfoer ($104 in chips) 
Seat 5: blistein ($102.70 in chips) 
Seat 6: Evelexy1 ($100 in chips) 
Evelexy1: posts small blind $0.50
mr.Jckpot: posts big blind $1
*** HOLE CARDS ***
3EPH: folds 
andrijans: calls $1
Gfoer: folds 
blistein: raises $2.50 to $3.50
Evelexy1: folds 
mr.Jckpot: folds 
andrijans: calls $2.50
*** FLOP *** [9d Jc Kc]
andrijans: bets $8.08
blistein: folds 
Uncalled bet ($8.08) returned to andrijans
andrijans collected $7.98 from pot
*** SUMMARY ***
Total pot $8.50 | Rake $0.52 
Board [9d Jc Kc]
Seat 1: mr.Jckpot (big blind) folded before Flop
Seat 2: 3EPH folded before Flop (didn't bet)
Seat 3: andrijans collected ($7.98)
Seat 4: Gfoer folded before Flop (didn't bet)
Seat 5: blistein (button) folded on the Flop
Seat 6: Evelexy1 (small blind) folded before Flop



PokerStars Hand #254485444682:  Hold'em No Limit ($0.50/$1.00 USD) - 2025/01/21 16:37:04 WET [2025/01/21 11:37:04 ET]
Table 'Colocolo III' 6-max Seat #6 is the button
Seat 1: mr.Jckpot ($100.50 in chips) 
Seat 2: 3EPH ($101.45 in chips) 
Seat 3: andrijans ($104.31 in chips) 
Seat 4: Gfoer ($104 in chips) 
Seat 5: blistein ($100 in chips) 
Seat 6: Evelexy1 ($100 in chips) 
mr.Jckpot: posts small blind $0.50
3EPH: posts big blind $1
*** HOLE CARDS ***
andrijans: folds 
Gfoer: folds 
blistein: folds 
Evelexy1: raises $1.50 to $2.50
mr.Jckpot: raises $9.50 to $12
3EPH: folds 
Evelexy1: folds 
Uncalled bet ($9.50) returned to mr.Jckpot
mr.Jckpot collected $6 from pot
mr.Jckpot: doesn't show hand 
*** SUMMARY ***
Total pot $6 | Rake $0 
Seat 1: mr.Jckpot (small blind) collected ($6)
Seat 2: 3EPH (big blind) folded before Flop
Seat 3: andrijans folded before Flop (didn't bet)
Seat 4: Gfoer folded before Flop (didn't bet)
Seat 5: blistein folded before Flop (didn't bet)
Seat 6: Evelexy1 (button) folded before Flop



PokerStars Hand #254485449785:  Hold'em No Limit ($0.50/$1.00 USD) - 2025/01/21 16:37:27 WET [2025/01/21 11:37:27 ET]
Table 'Colocolo III' 6-max Seat #1 is the button
Seat 1: mr.Jckpot ($104 in chips) 
Seat 2: 3EPH ($100.45 in chips) 
Seat 3: andrijans ($104.31 in chips) 
Seat 4: Gfoer ($104 in chips) 
Seat 5: blistein ($100 in chips) 
Seat 6: Evelexy1 ($100 in chips) 
3EPH: posts small blind $0.50
andrijans: posts big blind $1
*** HOLE CARDS ***
Gfoer: folds 
blistein: folds 
Evelexy1: raises $1.50 to $2.50
mr.Jckpot: folds 
3EPH: folds 
andrijans: calls $1.50
*** FLOP *** [7d Kh 6d]
andrijans: checks 
Evelexy1: checks 
*** TURN *** [7d Kh 6d] [Qd]
andrijans: bets $5.22
Evelexy1: calls $5.22
*** RIVER *** [7d Kh 6d Qd] [9h]
andrijans: bets $15.14
Evelexy1: calls $15.14
*** SHOW DOWN ***
andrijans: shows [2s Ks] (a pair of Kings)
Evelexy1: mucks hand 
andrijans collected $43.33 from pot
*** SUMMARY ***
Total pot $46.22 | Rake $2.89 
Board [7d Kh 6d Qd 9h]
Seat 1: mr.Jckpot (button) folded before Flop (didn't bet)
Seat 2: 3EPH (small blind) folded before Flop
Seat 3: andrijans (big blind) showed [2s Ks] and won ($43.33) with a pair of Kings
Seat 4: Gfoer folded before Flop (didn't bet)
Seat 5: blistein folded before Flop (didn't bet)
Seat 6: Evelexy1 mucked



PokerStars Hand #254485457914:  Hold'em No Limit ($0.50/$1.00 USD) - 2025/01/21 16:38:03 WET [2025/01/21 11:38:03 ET]
Table 'Colocolo III' 6-max Seat #2 is the button
Seat 1: mr.Jckpot ($104 in chips) 
Seat 2: 3EPH ($100 in chips) 
Seat 3: andrijans ($124.78 in chips) 
Seat 4: Gfoer ($104 in chips) 
Seat 5: blistein ($100 in chips) 
Seat 6: Evelexy1 ($100 in chips) 
andrijans: posts small blind $0.50
Gfoer: posts big blind $1
*** HOLE CARDS ***
blistein: folds 
Evelexy1: folds 
mr.Jckpot: folds 
3EPH: folds 
andrijans: folds 
Uncalled bet ($0.50) returned to Gfoer
Gfoer collected $1 from pot
Gfoer: doesn't show hand 
*** SUMMARY ***
Total pot $1 | Rake $0 
Seat 1: mr.Jckpot folded before Flop (didn't bet)
Seat 2: 3EPH (button) folded before Flop (didn't bet)
Seat 3: andrijans (small blind) folded before Flop
Seat 4: Gfoer (big blind) collected ($1)
Seat 5: blistein folded before Flop (didn't bet)
Seat 6: Evelexy1 folded before Flop (didn't bet)



PokerStars Hand #254485459917:  Hold'em No Limit ($0.50/$1.00 USD) - 2025/01/21 16:38:12 WET [2025/01/21 11:38:12 ET]
Table 'Colocolo III' 6-max Seat #3 is the button
Seat 1: mr.Jckpot ($104 in chips) 
Seat 2: 3EPH ($100 in chips) 
Seat 3: andrijans ($124.28 in chips) 
Seat 4: Gfoer ($104.50 in chips) 
Seat 5: blistein ($100 in chips) 
Seat 6: Evelexy1 ($100 in chips) 
Gfoer: posts small blind $0.50
blistein: posts big blind $1
*** HOLE CARDS ***
Evelexy1: raises $1 to $2
mr.Jckpot: folds 
3EPH: raises $5 to $7
andrijans: folds 
Gfoer: folds 
blistein: folds 
Evelexy1: raises $12.50 to $19.50
3EPH: calls $12.50
*** FLOP *** [8c Tc 9d]
Evelexy1: checks 
3EPH: bets $15.40
Evelexy1: folds 
Uncalled bet ($15.40) returned to 3EPH
3EPH collected $38.48 from pot
3EPH: doesn't show hand 
*** SUMMARY ***
Total pot $40.50 | Rake $2.02 
Board [8c Tc 9d]
Seat 1: mr.Jckpot folded before Flop (didn't bet)
Seat 2: 3EPH collected ($38.48)
Seat 3: andrijans (button) folded before Flop (didn't bet)
Seat 4: Gfoer (small blind) folded before Flop
Seat 5: blistein (big blind) folded before Flop
Seat 6: Evelexy1 folded on the Flop



PokerStars Hand #254485471541:  Hold'em No Limit ($0.50/$1.00 USD) - 2025/01/21 16:39:05 WET [2025/01/21 11:39:05 ET]
Table 'Colocolo III' 6-max Seat #4 is the button
Seat 1: mr.Jckpot ($104 in chips) 
Seat 2: 3EPH ($118.98 in chips) 
Seat 3: andrijans ($124.28 in chips) 
Seat 4: Gfoer ($104 in chips) 
Seat 5: blistein ($100 in chips) 
Seat 6: Evelexy1 ($100 in chips) 
blistein: posts small blind $0.50
Evelexy1: posts big blind $1
*** HOLE CARDS ***
mr.Jckpot: folds 
3EPH: folds 
andrijans: folds 
Gfoer: folds 
blistein: folds 
Uncalled bet ($0.50) returned to Evelexy1
Evelexy1 collected $1 from pot
Evelexy1: doesn't show hand 
*** SUMMARY ***
Total pot $1 | Rake $0 
Seat 1: mr.Jckpot folded before Flop (didn't bet)
Seat 2: 3EPH folded before Flop (didn't bet)
Seat 3: andrijans folded before Flop (didn't bet)
Seat 4: Gfoer (button) folded before Flop (didn't bet)
Seat 5: blistein (small blind) folded before Flop
Seat 6: Evelexy1 (big blind) collected ($1)



PokerStars Hand #254485475355:  Hold'em No Limit ($0.50/$1.00 USD) - 2025/01/21 16:39:22 WET [2025/01/21 11:39:22 ET]
Table 'Colocolo III' 6-max Seat #5 is the button
Seat 1: mr.Jckpot ($104 in chips) 
Seat 2: 3EPH ($118.98 in chips) 
Seat 3: andrijans ($124.28 in chips) 
Seat 4: Gfoer ($104 in chips) 
Seat 5: blistein ($100 in chips) 
Seat 6: Evelexy1 ($100.50 in chips) 
Evelexy1: posts small blind $0.50
mr.Jckpot: posts big blind $1
*** HOLE CARDS ***
3EPH: folds 
andrijans: folds 
Gfoer: folds 
blistein: folds 
Evelexy1: raises $1.50 to $2.50
mr.Jckpot: folds 
Uncalled bet ($1.50) returned to Evelexy1
Evelexy1 collected $2 from pot
Evelexy1: doesn't show hand 
*** SUMMARY ***
Total pot $2 | Rake $0 
Seat 1: mr.Jckpot (big blind) folded before Flop
Seat 2: 3EPH folded before Flop (didn't bet)
Seat 3: andrijans folded before Flop (didn't bet)
Seat 4: Gfoer folded before Flop (didn't bet)
Seat 5: blistein (button) folded before Flop (didn't bet)
Seat 6: Evelexy1 (small blind) collected ($2)



PokerStars Hand #254485481692:  Hold'em No Limit ($0.50/$1.00 USD) - 2025/01/21 16:39:51 WET [2025/01/21 11:39:51 ET]
Table 'Colocolo III' 6-max Seat #6 is the button
Seat 2: 3EPH ($118.98 in chips) is sitting out
Seat 1: mr.Jckpot ($103 in chips) 
Seat 3: andrijans ($124.28 in chips) 
Seat 4: Gfoer ($104 in chips) 
Seat 5: blistein ($100 in chips) 
Seat 6: Evelexy1 ($101.50 in chips) 
mr.Jckpot: posts small blind $0.50
3EPH: is sitting out 
andrijans: posts big blind $1
*** HOLE CARDS ***
Gfoer: folds 
3EPH leaves the table
blistein: folds 
Evelexy1: raises $1.50 to $2.50
mr.Jckpot: folds 
andrijans: folds 
Uncalled bet ($1.50) returned to Evelexy1
Evelexy1 collected $2.50 from pot
Evelexy1: doesn't show hand 
*** SUMMARY ***
Total pot $2.50 | Rake $0 
Seat 2: 3EPH
Seat 1: mr.Jckpot (small blind) folded before Flop
Seat 3: andrijans (big blind) folded before Flop
Seat 4: Gfoer folded before Flop (didn't bet)
Seat 5: blistein folded before Flop (didn't bet)
Seat 6: Evelexy1 (button) collected ($2.50)



PokerStars Hand #254485486323:  Hold'em No Limit ($0.50/$1.00 USD) - 2025/01/21 16:40:12 WET [2025/01/21 11:40:12 ET]
Table 'Colocolo III' 6-max Seat #1 is the button
Seat 1: mr.Jckpot ($102.50 in chips) 
Seat 3: andrijans ($123.28 in chips) 
Seat 4: Gfoer ($104 in chips) 
Seat 5: blistein ($100 in chips) 
Seat 6: Evelexy1 ($103 in chips) 
andrijans: posts small blind $0.50
Gfoer: posts big blind $1
*** HOLE CARDS ***
blistein: folds 
Evelexy1: folds 
mr.Jckpot: folds 
andrijans: calls $0.50
RAidakCo joins the table at seat #2 
Gfoer: checks 
*** FLOP *** [6h Kc 4c]
andrijans: bets $1.90
Gfoer: calls $1.90
*** TURN *** [6h Kc 4c] [6s]
andrijans: bets $5.51
Gfoer: calls $5.51
*** RIVER *** [6h Kc 4c 6s] [9d]
andrijans: bets $15.98
Gfoer: calls $15.98
*** SHOW DOWN ***
andrijans: shows [Qd 8h] (a pair of Sixes)
Gfoer: shows [4h Qh] (two pair, Sixes and Fours)
Gfoer collected $46.34 from pot
*** SUMMARY ***
Total pot $48.78 | Rake $2.44 
Board [6h Kc 4c 6s 9d]
Seat 1: mr.Jckpot (button) folded before Flop (didn't bet)
Seat 3: andrijans (small blind) showed [Qd 8h] and lost with a pair of Sixes
Seat 4: Gfoer (big blind) showed [4h Qh] and won ($46.34) with two pair, Sixes and Fours
Seat 5: blistein folded before Flop (didn't bet)
Seat 6: Evelexy1 folded before Flop (didn't bet)



PokerStars Hand #254485499930:  Hold'em No Limit ($0.50/$1.00 USD) - 2025/01/21 16:41:13 WET [2025/01/21 11:41:13 ET]
Table 'Colocolo III' 6-max Seat #3 is the button
Seat 2: RAidakCo ($100 in chips) is sitting out
Seat 1: mr.Jckpot ($102.50 in chips) 
Seat 3: andrijans ($98.89 in chips) 
Seat 4: Gfoer ($125.95 in chips) 
Seat 5: blistein ($100 in chips) 
Seat 6: Evelexy1 ($103 in chips) 
Gfoer: posts small blind $0.50
blistein: posts big blind $1
RAidakCo: sits out 
*** HOLE CARDS ***
Evelexy1: folds 
mr.Jckpot: folds 
andrijans: raises $1 to $2
Gfoer: folds 
blistein: folds 
Uncalled bet ($1) returned to andrijans
andrijans collected $2.50 from pot
*** SUMMARY ***
Total pot $2.50 | Rake $0 
Seat 2: RAidakCo
Seat 1: mr.Jckpot folded before Flop (didn't bet)
Seat 3: andrijans (button) collected ($2.50)
Seat 4: Gfoer (small blind) folded before Flop
Seat 5: blistein (big blind) folded before Flop
Seat 6: Evelexy1 folded before Flop (didn't bet)



PokerStars Hand #254485502386:  Hold'em No Limit ($0.50/$1.00 USD) - 2025/01/21 16:41:24 WET [2025/01/21 11:41:24 ET]
Table 'Colocolo III' 6-max Seat #4 is the button
Seat 2: RAidakCo ($100 in chips) is sitting out
Seat 1: mr.Jckpot ($102.50 in chips) 
Seat 3: andrijans ($100.39 in chips) 
Seat 4: Gfoer ($125.45 in chips) 
Seat 5: blistein ($100 in chips) 
Seat 6: Evelexy1 ($103 in chips) 
blistein: posts small blind $0.50
Evelexy1: posts big blind $1
RAidakCo: sits out 
*** HOLE CARDS ***
mr.Jckpot: raises $1.50 to $2.50
andrijans: folds 
Gfoer: folds 
blistein: folds 
Evelexy1: folds 
Uncalled bet ($1.50) returned to mr.Jckpot
mr.Jckpot collected $2.50 from pot
mr.Jckpot: doesn't show hand 
*** SUMMARY ***
Total pot $2.50 | Rake $0 
Seat 2: RAidakCo
Seat 1: mr.Jckpot collected ($2.50)
Seat 3: andrijans folded before Flop (didn't bet)
Seat 4: Gfoer (button) folded before Flop (didn't bet)
Seat 5: blistein (small blind) folded before Flop
Seat 6: Evelexy1 (big blind) folded before Flop



PokerStars Hand #254485505796:  Hold'em No Limit ($0.50/$1.00 USD) - 2025/01/21 16:41:38 WET [2025/01/21 11:41:38 ET]
Table 'Colocolo III' 6-max Seat #5 is the button
Seat 2: RAidakCo ($100 in chips) is sitting out
Seat 1: mr.Jckpot ($104 in chips) 
Seat 3: andrijans ($100.39 in chips) 
Seat 4: Gfoer ($125.45 in chips) 
Seat 5: blistein ($100 in chips) 
Seat 6: Evelexy1 ($102 in chips) 
Evelexy1: posts small blind $0.50
mr.Jckpot: posts big blind $1
RAidakCo: sits out 
*** HOLE CARDS ***
andrijans: raises $1 to $2
Gfoer: folds 
blistein: folds 
Evelexy1: folds 
mr.Jckpot: folds 
Uncalled bet ($1) returned to andrijans
andrijans collected $2.50 from pot
*** SUMMARY ***
Total pot $2.50 | Rake $0 
Seat 2: RAidakCo
Seat 1: mr.Jckpot (big blind) folded before Flop
Seat 3: andrijans collected ($2.50)
Seat 4: Gfoer folded before Flop (didn't bet)
Seat 5: blistein (button) folded before Flop (didn't bet)
Seat 6: Evelexy1 (small blind) folded before Flop



PokerStars Hand #254485507755:  Hold'em No Limit ($0.50/$1.00 USD) - 2025/01/21 16:41:47 WET [2025/01/21 11:41:47 ET]
Table 'Colocolo III' 6-max Seat #6 is the button
Seat 1: mr.Jckpot ($103 in chips) 
Seat 2: RAidakCo ($100 in chips) 
Seat 3: andrijans ($101.89 in chips) 
Seat 4: Gfoer ($125.45 in chips) 
Seat 5: blistein ($100 in chips) 
Seat 6: Evelexy1 ($101.50 in chips) 
mr.Jckpot: posts small blind $0.50
RAidakCo: posts big blind $1
*** HOLE CARDS ***
andrijans: raises $1 to $2
Gfoer: folds 
blistein: folds 
Evelexy1: folds 
mr.Jckpot: raises $8 to $10
RAidakCo: folds 
andrijans: folds 
Uncalled bet ($8) returned to mr.Jckpot
mr.Jckpot collected $5 from pot
mr.Jckpot: doesn't show hand 
*** SUMMARY ***
Total pot $5 | Rake $0 
Seat 1: mr.Jckpot (small blind) collected ($5)
Seat 2: RAidakCo (big blind) folded before Flop
Seat 3: andrijans folded before Flop
Seat 4: Gfoer folded before Flop (didn't bet)
Seat 5: blistein folded before Flop (didn't bet)
Seat 6: Evelexy1 (button) folded before Flop (didn't bet)



PokerStars Hand #254485511321:  Hold'em No Limit ($0.50/$1.00 USD) - 2025/01/21 16:42:03 WET [2025/01/21 11:42:03 ET]
Table 'Colocolo III' 6-max Seat #1 is the button
Seat 1: mr.Jckpot ($106 in chips) 
Seat 2: RAidakCo ($100 in chips) 
Seat 3: andrijans ($99.89 in chips) 
Seat 4: Gfoer ($125.45 in chips) 
Seat 5: blistein ($100 in chips) 
Seat 6: Evelexy1 ($101.50 in chips) 
RAidakCo: posts small blind $0.50
andrijans: posts big blind $1
*** HOLE CARDS ***
Gfoer: folds 
blistein: folds 
Evelexy1: raises $1.50 to $2.50
mr.Jckpot: folds 
RAidakCo: folds 
andrijans: calls $1.50
*** FLOP *** [7h Ac Jh]
andrijans: checks 
Evelexy1: bets $1.74
andrijans: folds 
Uncalled bet ($1.74) returned to Evelexy1
Evelexy1 collected $5.22 from pot
Evelexy1: doesn't show hand 
*** SUMMARY ***
Total pot $5.50 | Rake $0.28 
Board [7h Ac Jh]
Seat 1: mr.Jckpot (button) folded before Flop (didn't bet)
Seat 2: RAidakCo (small blind) folded before Flop
Seat 3: andrijans (big blind) folded on the Flop
Seat 4: Gfoer folded before Flop (didn't bet)
Seat 5: blistein folded before Flop (didn't bet)
Seat 6: Evelexy1 collected ($5.22)



PokerStars Hand #254485515119:  Hold'em No Limit ($0.50/$1.00 USD) - 2025/01/21 16:42:21 WET [2025/01/21 11:42:21 ET]
Table 'Colocolo III' 6-max Seat #2 is the button
Seat 1: mr.Jckpot ($106 in chips) 
Seat 2: RAidakCo ($100 in chips) 
Seat 3: andrijans ($97.39 in chips) 
Seat 4: Gfoer ($125.45 in chips) 
Seat 5: blistein ($100 in chips) 
Seat 6: Evelexy1 ($104.22 in chips) 
andrijans: posts small blind $0.50
Gfoer: posts big blind $1
*** HOLE CARDS ***
blistein: folds 
Evelexy1: folds 
mr.Jckpot: folds 
RAidakCo: folds 
andrijans: calls $0.50
Gfoer: checks 
*** FLOP *** [Kh Ks 3s]
andrijans: bets $1.90
Gfoer: calls $1.90
*** TURN *** [Kh Ks 3s] [2h]
andrijans: bets $13
Gfoer: folds 
Uncalled bet ($13) returned to andrijans
andrijans collected $5.44 from pot
*** SUMMARY ***
Total pot $5.80 | Rake $0.36 
Board [Kh Ks 3s 2h]
Seat 1: mr.Jckpot folded before Flop (didn't bet)
Seat 2: RAidakCo (button) folded before Flop (didn't bet)
Seat 3: andrijans (small blind) collected ($5.44)
Seat 4: Gfoer (big blind) folded on the Turn
Seat 5: blistein folded before Flop (didn't bet)
Seat 6: Evelexy1 folded before Flop (didn't bet)



PokerStars Hand #254485526033:  Hold'em No Limit ($0.50/$1.00 USD) - 2025/01/21 16:43:10 WET [2025/01/21 11:43:10 ET]
Table 'Colocolo III' 6-max Seat #3 is the button
Seat 1: mr.Jckpot ($106 in chips) 
Seat 2: RAidakCo ($100 in chips) 
Seat 3: andrijans ($99.93 in chips) 
Seat 4: Gfoer ($122.55 in chips) 
Seat 5: blistein ($100 in chips) 
Seat 6: Evelexy1 ($104.22 in chips) 
Gfoer: posts small blind $0.50
blistein: posts big blind $1
*** HOLE CARDS ***
Evelexy1: folds 
mr.Jckpot: folds 
RAidakCo: folds 
andrijans: raises $1 to $2
Gfoer: folds 
blistein: calls $1
*** FLOP *** [Th Kd 7c]
blistein: checks 
andrijans: bets $20
blistein: folds 
Uncalled bet ($20) returned to andrijans
andrijans collected $4.22 from pot
*** SUMMARY ***
Total pot $4.50 | Rake $0.28 
Board [Th Kd 7c]
Seat 1: mr.Jckpot folded before Flop (didn't bet)
Seat 2: RAidakCo folded before Flop (didn't bet)
Seat 3: andrijans (button) collected ($4.22)
Seat 4: Gfoer (small blind) folded before Flop
Seat 5: blistein (big blind) folded on the Flop
Seat 6: Evelexy1 folded before Flop (didn't bet)



PokerStars Hand #254485532167:  Hold'em No Limit ($0.50/$1.00 USD) - 2025/01/21 16:43:37 WET [2025/01/21 11:43:37 ET]
Table 'Colocolo III' 6-max Seat #4 is the button
Seat 1: mr.Jckpot ($106 in chips) 
Seat 2: RAidakCo ($100 in chips) 
Seat 3: andrijans ($102.15 in chips) 
Seat 4: Gfoer ($122.05 in chips) 
Seat 5: blistein ($100 in chips) 
Seat 6: Evelexy1 ($104.22 in chips) 
blistein: posts small blind $0.50
Evelexy1: posts big blind $1
*** HOLE CARDS ***
mr.Jckpot: raises $1.50 to $2.50
RAidakCo: folds 
andrijans: folds 
Gfoer: folds 
blistein: folds 
Evelexy1: calls $1.50
*** FLOP *** [2d Th Jc]
Evelexy1: checks 
mr.Jckpot: bets $1.72
Evelexy1: calls $1.72
*** TURN *** [2d Th Jc] [Ts]
Evelexy1: checks 
mr.Jckpot: bets $4.67
Evelexy1: folds 
Uncalled bet ($4.67) returned to mr.Jckpot
mr.Jckpot collected $8.49 from pot
mr.Jckpot: doesn't show hand 
*** SUMMARY ***
Total pot $8.94 | Rake $0.45 
Board [2d Th Jc Ts]
Seat 1: mr.Jckpot collected ($8.49)
Seat 2: RAidakCo folded before Flop (didn't bet)
Seat 3: andrijans folded before Flop (didn't bet)
Seat 4: Gfoer (button) folded before Flop (didn't bet)
Seat 5: blistein (small blind) folded before Flop
Seat 6: Evelexy1 (big blind) folded on the Turn



PokerStars Hand #254485539050:  Hold'em No Limit ($0.50/$1.00 USD) - 2025/01/21 16:44:08 WET [2025/01/21 11:44:08 ET]
Table 'Colocolo III' 6-max Seat #5 is the button
Seat 1: mr.Jckpot ($110.27 in chips) 
Seat 2: RAidakCo ($100 in chips) 
Seat 3: andrijans ($102.15 in chips) 
Seat 4: Gfoer ($122.05 in chips) 
Seat 5: blistein ($100 in chips) 
Seat 6: Evelexy1 ($100 in chips) 
Evelexy1: posts small blind $0.50
mr.Jckpot: posts big blind $1
*** HOLE CARDS ***
RAidakCo: raises $1 to $2
andrijans: folds 
Gfoer: folds 
blistein: folds 
Evelexy1: folds 
mr.Jckpot: folds 
Uncalled bet ($1) returned to RAidakCo
RAidakCo collected $2.50 from pot
RAidakCo: doesn't show hand 
*** SUMMARY ***
Total pot $2.50 | Rake $0 
Seat 1: mr.Jckpot (big blind) folded before Flop
Seat 2: RAidakCo collected ($2.50)
Seat 3: andrijans folded before Flop (didn't bet)
Seat 4: Gfoer folded before Flop (didn't bet)
Seat 5: blistein (button) folded before Flop (didn't bet)
Seat 6: Evelexy1 (small blind) folded before Flop



PokerStars Hand #254485545267:  Hold'em No Limit ($0.50/$1.00 USD) - 2025/01/21 16:44:35 WET [2025/01/21 11:44:35 ET]
Table 'Colocolo III' 6-max Seat #6 is the button
Seat 1: mr.Jckpot ($109.27 in chips) 
Seat 2: RAidakCo ($101.50 in chips) 
Seat 3: andrijans ($102.15 in chips) 
Seat 4: Gfoer ($122.05 in chips) 
Seat 5: blistein ($100 in chips) 
Seat 6: Evelexy1 ($100 in chips) 
mr.Jckpot: posts small blind $0.50
RAidakCo: posts big blind $1
*** HOLE CARDS ***
andrijans: raises $1 to $2
Gfoer: folds 
blistein: folds 
Evelexy1: folds 
mr.Jckpot: folds 
RAidakCo: folds 
Uncalled bet ($1) returned to andrijans
andrijans collected $2.50 from pot
*** SUMMARY ***
Total pot $2.50 | Rake $0 
Seat 1: mr.Jckpot (small blind) folded before Flop
Seat 2: RAidakCo (big blind) folded before Flop
Seat 3: andrijans collected ($2.50)
Seat 4: Gfoer folded before Flop (didn't bet)
Seat 5: blistein folded before Flop (didn't bet)
Seat 6: Evelexy1 (button) folded before Flop (didn't bet)



PokerStars Hand #254485548015:  Hold'em No Limit ($0.50/$1.00 USD) - 2025/01/21 16:44:47 WET [2025/01/21 11:44:47 ET]
Table 'Colocolo III' 6-max Seat #1 is the button
Seat 1: mr.Jckpot ($108.77 in chips) 
Seat 2: RAidakCo ($100.50 in chips) 
Seat 3: andrijans ($103.65 in chips) 
Seat 4: Gfoer ($122.05 in chips) 
Seat 5: blistein ($100 in chips) 
Seat 6: Evelexy1 ($100 in chips) 
RAidakCo: posts small blind $0.50
andrijans: posts big blind $1
*** HOLE CARDS ***
Gfoer: folds 
blistein: folds 
Evelexy1: folds 
mr.Jckpot: folds 
RAidakCo: folds 
Uncalled bet ($0.50) returned to andrijans
andrijans collected $1 from pot
*** SUMMARY ***
Total pot $1 | Rake $0 
Seat 1: mr.Jckpot (button) folded before Flop (didn't bet)
Seat 2: RAidakCo (small blind) folded before Flop
Seat 3: andrijans (big blind) collected ($1)
Seat 4: Gfoer folded before Flop (didn't bet)
Seat 5: blistein folded before Flop (didn't bet)
Seat 6: Evelexy1 folded before Flop (didn't bet)



PokerStars Hand #254485549942:  Hold'em No Limit ($0.50/$1.00 USD) - 2025/01/21 16:44:56 WET [2025/01/21 11:44:56 ET]
Table 'Colocolo III' 6-max Seat #2 is the button
Seat 1: mr.Jckpot ($108.77 in chips) 
Seat 2: RAidakCo ($100 in chips) 
Seat 3: andrijans ($104.15 in chips) 
Seat 4: Gfoer ($122.05 in chips) 
Seat 5: blistein ($100 in chips) 
Seat 6: Evelexy1 ($100 in chips) 
andrijans: posts small blind $0.50
Gfoer: posts big blind $1
*** HOLE CARDS ***
blistein: folds 
Evelexy1: raises $1.50 to $2.50
mr.Jckpot: folds 
RAidakCo: folds 
andrijans: raises $1.50 to $4
Gfoer: folds 
Evelexy1: raises $8 to $12
andrijans: raises $8 to $20
Evelexy1: calls $8
*** FLOP *** [5s Qc Ac]
andrijans: bets $38.95
Evelexy1: folds 
Uncalled bet ($38.95) returned to andrijans
andrijans collected $38.44 from pot
*** SUMMARY ***
Total pot $41 | Rake $2.56 
Board [5s Qc Ac]
Seat 1: mr.Jckpot folded before Flop (didn't bet)
Seat 2: RAidakCo (button) folded before Flop (didn't bet)
Seat 3: andrijans (small blind) collected ($38.44)
Seat 4: Gfoer (big blind) folded before Flop
Seat 5: blistein folded before Flop (didn't bet)
Seat 6: Evelexy1 folded on the Flop



PokerStars Hand #254485555913:  Hold'em No Limit ($0.50/$1.00 USD) - 2025/01/21 16:45:22 WET [2025/01/21 11:45:22 ET]
Table 'Colocolo III' 6-max Seat #3 is the button
Seat 1: mr.Jckpot ($108.77 in chips) 
Seat 2: RAidakCo ($100 in chips) 
Seat 3: andrijans ($122.59 in chips) 
Seat 4: Gfoer ($121.05 in chips) 
Seat 5: blistein ($100 in chips) 
Seat 6: Evelexy1 ($100 in chips) 
Gfoer: posts small blind $0.50
blistein: posts big blind $1
*** HOLE CARDS ***
Evelexy1: folds 
mr.Jckpot: folds 
RAidakCo: folds 
andrijans: folds 
Gfoer: raises $1.50 to $2.50
blistein: folds 
Uncalled bet ($1.50) returned to Gfoer
Gfoer collected $2 from pot
Gfoer: doesn't show hand 
*** SUMMARY ***
Total pot $2 | Rake $0 
Seat 1: mr.Jckpot folded before Flop (didn't bet)
Seat 2: RAidakCo folded before Flop (didn't bet)
Seat 3: andrijans (button) folded before Flop (didn't bet)
Seat 4: Gfoer (small blind) collected ($2)
Seat 5: blistein (big blind) folded before Flop
Seat 6: Evelexy1 folded before Flop (didn't bet)



PokerStars Hand #254485561844:  Hold'em No Limit ($0.50/$1.00 USD) - 2025/01/21 16:45:49 WET [2025/01/21 11:45:49 ET]
Table 'Colocolo III' 6-max Seat #4 is the button
Seat 1: mr.Jckpot ($108.77 in chips) 
Seat 2: RAidakCo ($100 in chips) 
Seat 3: andrijans ($122.59 in chips) 
Seat 4: Gfoer ($122.05 in chips) 
Seat 5: blistein ($100 in chips) 
Seat 6: Evelexy1 ($100 in chips) 
blistein: posts small blind $0.50
Evelexy1: posts big blind $1
*** HOLE CARDS ***
mr.Jckpot: folds 
RAidakCo: raises $1.20 to $2.20
andrijans: folds 
Gfoer: folds 
blistein: folds 
Evelexy1: calls $1.20
*** FLOP *** [7d 2s Ts]
Evelexy1: checks 
RAidakCo: bets $3.50
Evelexy1: calls $3.50
*** TURN *** [7d 2s Ts] [8d]
Evelexy1: checks 
RAidakCo: bets $16.95
Evelexy1: folds 
Uncalled bet ($16.95) returned to RAidakCo
RAidakCo collected $11.30 from pot
RAidakCo: doesn't show hand 
*** SUMMARY ***
Total pot $11.90 | Rake $0.60 
Board [7d 2s Ts 8d]
Seat 1: mr.Jckpot folded before Flop (didn't bet)
Seat 2: RAidakCo collected ($11.30)
Seat 3: andrijans folded before Flop (didn't bet)
Seat 4: Gfoer (button) folded before Flop (didn't bet)
Seat 5: blistein (small blind) folded before Flop
Seat 6: Evelexy1 (big blind) folded on the Turn



PokerStars Hand #254485571387:  Hold'em No Limit ($0.50/$1.00 USD) - 2025/01/21 16:46:32 WET [2025/01/21 11:46:32 ET]
Table 'Colocolo III' 6-max Seat #5 is the button
Seat 1: mr.Jckpot ($108.77 in chips) 
Seat 2: RAidakCo ($105.60 in chips) 
Seat 3: andrijans ($122.59 in chips) 
Seat 4: Gfoer ($122.05 in chips) 
Seat 5: blistein ($100 in chips) 
Seat 6: Evelexy1 ($100 in chips) 
Evelexy1: posts small blind $0.50
mr.Jckpot: posts big blind $1
*** HOLE CARDS ***
RAidakCo: folds 
andrijans: folds 
Gfoer: folds 
blistein: folds 
Evelexy1: folds 
Uncalled bet ($0.50) returned to mr.Jckpot
mr.Jckpot collected $1 from pot
mr.Jckpot: doesn't show hand 
*** SUMMARY ***
Total pot $1 | Rake $0 
Seat 1: mr.Jckpot (big blind) collected ($1)
Seat 2: RAidakCo folded before Flop (didn't bet)
Seat 3: andrijans folded before Flop (didn't bet)
Seat 4: Gfoer folded before Flop (didn't bet)
Seat 5: blistein (button) folded before Flop (didn't bet)
Seat 6: Evelexy1 (small blind) folded before Flop



PokerStars Hand #254485573992:  Hold'em No Limit ($0.50/$1.00 USD) - 2025/01/21 16:46:43 WET [2025/01/21 11:46:43 ET]
Table 'Colocolo III' 6-max Seat #6 is the button
Seat 1: mr.Jckpot ($109.27 in chips) 
Seat 2: RAidakCo ($105.60 in chips) 
Seat 3: andrijans ($122.59 in chips) 
Seat 4: Gfoer ($122.05 in chips) 
Seat 5: blistein ($100 in chips) 
Seat 6: Evelexy1 ($100 in chips) 
mr.Jckpot: posts small blind $0.50
RAidakCo: posts big blind $1
*** HOLE CARDS ***
andrijans: calls $1
Gfoer: folds 
blistein: folds 
Evelexy1: folds 
mr.Jckpot: folds 
RAidakCo: checks 
*** FLOP *** [3c 4d 8d]
RAidakCo: checks 
andrijans: bets $2.38
RAidakCo: folds 
Uncalled bet ($2.38) returned to andrijans
andrijans collected $2.35 from pot
*** SUMMARY ***
Total pot $2.50 | Rake $0.15 
Board [3c 4d 8d]
Seat 1: mr.Jckpot (small blind) folded before Flop
Seat 2: RAidakCo (big blind) folded on the Flop
Seat 3: andrijans collected ($2.35)
Seat 4: Gfoer folded before Flop (didn't bet)
Seat 5: blistein folded before Flop (didn't bet)
Seat 6: Evelexy1 (button) folded before Flop (didn't bet)



PokerStars Hand #254485580317:  Hold'em No Limit ($0.50/$1.00 USD) - 2025/01/21 16:47:11 WET [2025/01/21 11:47:11 ET]
Table 'Colocolo III' 6-max Seat #1 is the button
Seat 1: mr.Jckpot ($108.77 in chips) 
Seat 2: RAidakCo ($104.60 in chips) 
Seat 3: andrijans ($123.94 in chips) 
Seat 4: Gfoer ($122.05 in chips) 
Seat 5: blistein ($100 in chips) 
Seat 6: Evelexy1 ($100 in chips) 
RAidakCo: posts small blind $0.50
andrijans: posts big blind $1
*** HOLE CARDS ***
Gfoer: raises $1.20 to $2.20
blistein: folds 
Evelexy1: folds 
mr.Jckpot: folds 
RAidakCo: folds 
andrijans: folds 
Uncalled bet ($1.20) returned to Gfoer
Gfoer collected $2.50 from pot
Gfoer: doesn't show hand 
*** SUMMARY ***
Total pot $2.50 | Rake $0 
Seat 1: mr.Jckpot (button) folded before Flop (didn't bet)
Seat 2: RAidakCo (small blind) folded before Flop
Seat 3: andrijans (big blind) folded before Flop
Seat 4: Gfoer collected ($2.50)
Seat 5: blistein folded before Flop (didn't bet)
Seat 6: Evelexy1 folded before Flop (didn't bet)



PokerStars Hand #254485583615:  Hold'em No Limit ($0.50/$1.00 USD) - 2025/01/21 16:47:26 WET [2025/01/21 11:47:26 ET]
Table 'Colocolo III' 6-max Seat #2 is the button
Seat 1: mr.Jckpot ($108.77 in chips) 
Seat 2: RAidakCo ($104.10 in chips) 
Seat 3: andrijans ($122.94 in chips) 
Seat 4: Gfoer ($123.55 in chips) 
Seat 5: blistein ($100 in chips) 
Seat 6: Evelexy1 ($100 in chips) 
andrijans: posts small blind $0.50
Gfoer: posts big blind $1
*** HOLE CARDS ***
blistein: folds 
Evelexy1: folds 
mr.Jckpot: folds 
RAidakCo: raises $1.50 to $2.50
andrijans: calls $2
Gfoer: folds 
*** FLOP *** [8s Jh 4s]
andrijans: bets $5.70
RAidakCo: raises $14.30 to $20
andrijans: raises $100.44 to $120.44 and is all-in
RAidakCo: calls $81.60 and is all-in
Uncalled bet ($18.84) returned to andrijans
*** TURN *** [8s Jh 4s] [6d]
*** RIVER *** [8s Jh 4s 6d] [8d]
*** SHOW DOWN ***
andrijans: shows [Kc 9s] (a pair of Eights)
RAidakCo: shows [As 5s] (a pair of Eights - Ace kicker)
RAidakCo collected $206.70 from pot
*** SUMMARY ***
Total pot $209.20 | Rake $2.50 
Board [8s Jh 4s 6d 8d]
Seat 1: mr.Jckpot folded before Flop (didn't bet)
Seat 2: RAidakCo (button) showed [As 5s] and won ($206.70) with a pair of Eights
Seat 3: andrijans (small blind) showed [Kc 9s] and lost with a pair of Eights
Seat 4: Gfoer (big blind) folded before Flop
Seat 5: blistein folded before Flop (didn't bet)
Seat 6: Evelexy1 folded before Flop (didn't bet)



PokerStars Hand #254485594190:  Hold'em No Limit ($0.50/$1.00 USD) - 2025/01/21 16:48:14 WET [2025/01/21 11:48:14 ET]
Table 'Colocolo III' 6-max Seat #3 is the button
Seat 1: mr.Jckpot ($108.77 in chips) 
Seat 2: RAidakCo ($206.70 in chips) 
Seat 3: andrijans ($18.84 in chips) 
Seat 4: Gfoer ($122.55 in chips) 
Seat 5: blistein ($100 in chips) 
Seat 6: Evelexy1 ($100 in chips) 
Gfoer: posts small blind $0.50
blistein: posts big blind $1
*** HOLE CARDS ***
Evelexy1: folds 
mr.Jckpot: folds 
RAidakCo: raises $1.20 to $2.20
andrijans: raises $16.64 to $18.84 and is all-in
Gfoer: folds 
blistein: folds 
RAidakCo: calls $16.64
*** FLOP *** [Qd 9h 3d]
*** TURN *** [Qd 9h 3d] [4s]
*** RIVER *** [Qd 9h 3d 4s] [6c]
*** SHOW DOWN ***
RAidakCo: shows [Th Qc] (a pair of Queens)
andrijans: shows [Ks 8h] (high card King)
RAidakCo collected $37.22 from pot
*** SUMMARY ***
Total pot $39.18 | Rake $1.96 
Board [Qd 9h 3d 4s 6c]
Seat 1: mr.Jckpot folded before Flop (didn't bet)
Seat 2: RAidakCo showed [Th Qc] and won ($37.22) with a pair of Queens
Seat 3: andrijans (button) showed [Ks 8h] and lost with high card King
Seat 4: Gfoer (small blind) folded before Flop
Seat 5: blistein (big blind) folded before Flop
Seat 6: Evelexy1 folded before Flop (didn't bet)



PokerStars Hand #254485599848:  Hold'em No Limit ($0.50/$1.00 USD) - 2025/01/21 16:48:39 WET [2025/01/21 11:48:39 ET]
Table 'Colocolo III' 6-max Seat #4 is the button
Seat 3: andrijans ($0 in chips) is sitting out
Seat 1: mr.Jckpot ($108.77 in chips) 
Seat 2: RAidakCo ($225.08 in chips) 
Seat 4: Gfoer ($122.05 in chips) 
Seat 5: blistein ($100 in chips) 
Seat 6: Evelexy1 ($100 in chips) 
blistein: posts small blind $0.50
Evelexy1: posts big blind $1
*** HOLE CARDS ***
mr.Jckpot: folds 
RAidakCo: raises $1.20 to $2.20
andrijans leaves the table
Gfoer: raises $6.30 to $8.50
blistein: folds 
Evelexy1: folds 
RAidakCo: folds 
Uncalled bet ($6.30) returned to Gfoer
Gfoer collected $5.90 from pot
Gfoer: doesn't show hand 
*** SUMMARY ***
Total pot $5.90 | Rake $0 
Seat 3: andrijans
Seat 1: mr.Jckpot folded before Flop (didn't bet)
Seat 2: RAidakCo folded before Flop
Seat 4: Gfoer (button) collected ($5.90)
Seat 5: blistein (small blind) folded before Flop
Seat 6: Evelexy1 (big blind) folded before Flop



PokerStars Hand #254485604651:  Hold'em No Limit ($0.50/$1.00 USD) - 2025/01/21 16:49:01 WET [2025/01/21 11:49:01 ET]
Table 'Colocolo III' 6-max Seat #5 is the button
Seat 1: mr.Jckpot ($108.77 in chips) 
Seat 2: RAidakCo ($222.88 in chips) 
Seat 4: Gfoer ($125.75 in chips) 
Seat 5: blistein ($100 in chips) 
Seat 6: Evelexy1 ($100 in chips) 
Evelexy1: posts small blind $0.50
mr.Jckpot: posts big blind $1
*** HOLE CARDS ***
RAidakCo: folds 
Gfoer: folds 
blistein: folds 
Evelexy1: folds 
Uncalled bet ($0.50) returned to mr.Jckpot
mr.Jckpot collected $1 from pot
mr.Jckpot: doesn't show hand 
*** SUMMARY ***
Total pot $1 | Rake $0 
Seat 1: mr.Jckpot (big blind) collected ($1)
Seat 2: RAidakCo folded before Flop (didn't bet)
Seat 4: Gfoer folded before Flop (didn't bet)
Seat 5: blistein (button) folded before Flop (didn't bet)
Seat 6: Evelexy1 (small blind) folded before Flop



PokerStars Hand #254485606597:  Hold'em No Limit ($0.50/$1.00 USD) - 2025/01/21 16:49:09 WET [2025/01/21 11:49:09 ET]
Table 'Colocolo III' 6-max Seat #6 is the button
Seat 1: mr.Jckpot ($109.27 in chips) 
Seat 2: RAidakCo ($222.88 in chips) 
Seat 4: Gfoer ($125.75 in chips) 
Seat 5: blistein ($100 in chips) 
Seat 6: Evelexy1 ($100 in chips) 
mr.Jckpot: posts small blind $0.50
RAidakCo: posts big blind $1
*** HOLE CARDS ***
Gfoer: raises $1.20 to $2.20
blistein: folds 
Evelexy1: folds 
mr.Jckpot: folds 
Evelexy1 leaves the table
RAidakCo: calls $1.20
*** FLOP *** [Ad Ac 5d]
RAidakCo: checks 
Gfoer: bets $1.55
RAidakCo: raises $4.45 to $6
Gfoer: calls $4.45
*** TURN *** [Ad Ac 5d] [7c]
RAidakCo: bets $22
Gfoer: folds 
Uncalled bet ($22) returned to RAidakCo
RAidakCo collected $16.06 from pot
RAidakCo: doesn't show hand 
*** SUMMARY ***
Total pot $16.90 | Rake $0.84 
Board [Ad Ac 5d 7c]
Seat 1: mr.Jckpot (small blind) folded before Flop
Seat 2: RAidakCo (big blind) collected ($16.06)
Seat 4: Gfoer folded on the Turn
Seat 5: blistein folded before Flop (didn't bet)
Seat 6: Evelexy1 (button) folded before Flop (didn't bet)



