PokerStars Hand #254490830962:  Hold'em No Limit ($0.50/$1.00 USD) - 2025/01/21 22:02:48 WET [2025/01/21 17:02:48 ET]
Table 'Alterf III' 6-max Seat #3 is the button
Seat 2: BrilliantDawn84 ($100 in chips) 
Seat 3: MaRKiToScoK ($102.33 in chips) 
Seat 4: kamyu2117 ($103.49 in chips) 
Seat 5: p0pa4poker ($100 in chips) 
Seat 6: Iseedora ($115.99 in chips) 
kamyu2117: posts small blind $0.50
p0pa4poker: posts big blind $1
*** HOLE CARDS ***
Iseedora: folds 
BrilliantDawn84: folds 
MaRKiToScoK: folds 
kamyu2117: folds 
Uncalled bet ($0.50) returned to p0pa4poker
p0pa4poker collected $1 from pot
p0pa4poker: doesn't show hand 
*** SUMMARY ***
Total pot $1 | Rake $0 
Seat 2: BrilliantDawn84 folded before Flop (didn't bet)
Seat 3: MaRKiToScoK (button) folded before Flop (didn't bet)
Seat 4: kamyu2117 (small blind) folded before Flop
Seat 5: p0pa4poker (big blind) collected ($1)
Seat 6: Iseedora folded before Flop (didn't bet)



PokerStars Hand #254490834937:  Hold'em No Limit ($0.50/$1.00 USD) - 2025/01/21 22:03:03 WET [2025/01/21 17:03:03 ET]
Table 'Alterf III' 6-max Seat #4 is the button
Seat 2: BrilliantDawn84 ($100 in chips) 
Seat 3: MaRKiToScoK ($102.33 in chips) 
Seat 4: kamyu2117 ($102.99 in chips) 
Seat 5: p0pa4poker ($100.50 in chips) 
Seat 6: Iseedora ($115.99 in chips) 
p0pa4poker: posts small blind $0.50
Iseedora: posts big blind $1
*** HOLE CARDS ***
BrilliantDawn84: folds 
MaRKiToScoK: folds 
kamyu2117: raises $1.50 to $2.50
p0pa4poker: folds 
Iseedora: calls $1.50
*** FLOP *** [7d 8s Tc]
Iseedora: checks 
kamyu2117: checks 
*** TURN *** [7d 8s Tc] [Ah]
Iseedora: checks 
kamyu2117: bets $2.61
Iseedora: folds 
Uncalled bet ($2.61) returned to kamyu2117
kamyu2117 collected $5.22 from pot
kamyu2117: doesn't show hand 
*** SUMMARY ***
Total pot $5.50 | Rake $0.28 
Board [7d 8s Tc Ah]
Seat 2: BrilliantDawn84 folded before Flop (didn't bet)
Seat 3: MaRKiToScoK folded before Flop (didn't bet)
Seat 4: kamyu2117 (button) collected ($5.22)
Seat 5: p0pa4poker (small blind) folded before Flop
Seat 6: Iseedora (big blind) folded on the Turn



PokerStars Hand #254490852333:  Hold'em No Limit ($0.50/$1.00 USD) - 2025/01/21 22:04:04 WET [2025/01/21 17:04:04 ET]
Table 'Alterf III' 6-max Seat #5 is the button
Seat 2: BrilliantDawn84 ($100 in chips) 
Seat 3: MaRKiToScoK ($102.33 in chips) 
Seat 4: kamyu2117 ($105.71 in chips) 
Seat 5: p0pa4poker ($100 in chips) 
Seat 6: Iseedora ($113.49 in chips) 
Iseedora: posts small blind $0.50
BrilliantDawn84: posts big blind $1
*** HOLE CARDS ***
MaRKiToScoK: folds 
kamyu2117: folds 
p0pa4poker: folds 
Iseedora: raises $2 to $3
BrilliantDawn84: raises $5 to $8
Iseedora: folds 
Uncalled bet ($5) returned to BrilliantDawn84
BrilliantDawn84 collected $6 from pot
BrilliantDawn84: doesn't show hand 
*** SUMMARY ***
Total pot $6 | Rake $0 
Seat 2: BrilliantDawn84 (big blind) collected ($6)
Seat 3: MaRKiToScoK folded before Flop (didn't bet)
Seat 4: kamyu2117 folded before Flop (didn't bet)
Seat 5: p0pa4poker (button) folded before Flop (didn't bet)
Seat 6: Iseedora (small blind) folded before Flop



PokerStars Hand #254490859185:  Hold'em No Limit ($0.50/$1.00 USD) - 2025/01/21 22:04:28 WET [2025/01/21 17:04:28 ET]
Table 'Alterf III' 6-max Seat #6 is the button
Seat 2: BrilliantDawn84 ($103 in chips) 
Seat 3: MaRKiToScoK ($102.33 in chips) 
Seat 4: kamyu2117 ($105.71 in chips) 
Seat 5: p0pa4poker ($100 in chips) 
Seat 6: Iseedora ($110.49 in chips) 
BrilliantDawn84: posts small blind $0.50
MaRKiToScoK: posts big blind $1
*** HOLE CARDS ***
kamyu2117: folds 
p0pa4poker: folds 
Iseedora: raises $1.50 to $2.50
BrilliantDawn84: calls $2
MaRKiToScoK: calls $1.50
*** FLOP *** [8s Td Kh]
BrilliantDawn84: checks 
MaRKiToScoK: checks 
Iseedora: checks 
*** TURN *** [8s Td Kh] [Th]
BrilliantDawn84: bets $3.56
MaRKiToScoK: calls $3.56
Iseedora: calls $3.56
*** RIVER *** [8s Td Kh Th] [2s]
BrilliantDawn84: checks 
silvafox12 joins the table at seat #1 
MaRKiToScoK: checks 
Iseedora: bets $8.98
BrilliantDawn84: calls $8.98
MaRKiToScoK: folds 
*** SHOW DOWN ***
Iseedora: shows [Ks Qh] (two pair, Kings and Tens)
BrilliantDawn84: mucks hand 
Iseedora collected $34.33 from pot
*** SUMMARY ***
Total pot $36.14 | Rake $1.81 
Board [8s Td Kh Th 2s]
Seat 2: BrilliantDawn84 (small blind) mucked
Seat 3: MaRKiToScoK (big blind) folded on the River
Seat 4: kamyu2117 folded before Flop (didn't bet)
Seat 5: p0pa4poker folded before Flop (didn't bet)
Seat 6: Iseedora (button) showed [Ks Qh] and won ($34.33) with two pair, Kings and Tens



PokerStars Hand #254490895935:  Hold'em No Limit ($0.50/$1.00 USD) - 2025/01/21 22:06:37 WET [2025/01/21 17:06:37 ET]
Table 'Alterf III' 6-max Seat #2 is the button
Seat 1: silvafox12 ($10 in chips) is sitting out
Seat 2: BrilliantDawn84 ($87.96 in chips) 
Seat 3: MaRKiToScoK ($100 in chips) 
Seat 4: kamyu2117 ($105.71 in chips) 
Seat 5: p0pa4poker ($100 in chips) 
Seat 6: Iseedora ($129.78 in chips) 
MaRKiToScoK: posts small blind $0.50
kamyu2117: posts big blind $1
silvafox12: sits out 
*** HOLE CARDS ***
p0pa4poker: folds 
Iseedora: folds 
BrilliantDawn84: folds 
MaRKiToScoK: raises $2 to $3
kamyu2117: folds 
Uncalled bet ($2) returned to MaRKiToScoK
MaRKiToScoK collected $2 from pot
*** SUMMARY ***
Total pot $2 | Rake $0 
Seat 1: silvafox12
Seat 2: BrilliantDawn84 (button) folded before Flop (didn't bet)
Seat 3: MaRKiToScoK (small blind) collected ($2)
Seat 4: kamyu2117 (big blind) folded before Flop
Seat 5: p0pa4poker folded before Flop (didn't bet)
Seat 6: Iseedora folded before Flop (didn't bet)



PokerStars Hand #254490906065:  Hold'em No Limit ($0.50/$1.00 USD) - 2025/01/21 22:07:13 WET [2025/01/21 17:07:13 ET]
Table 'Alterf III' 6-max Seat #3 is the button
Seat 1: silvafox12 ($10 in chips) is sitting out
Seat 2: BrilliantDawn84 ($100 in chips) 
Seat 3: MaRKiToScoK ($101 in chips) 
Seat 4: kamyu2117 ($104.71 in chips) 
Seat 5: p0pa4poker ($100 in chips) 
Seat 6: Iseedora ($129.78 in chips) 
kamyu2117: posts small blind $0.50
p0pa4poker: posts big blind $1
silvafox12: sits out 
*** HOLE CARDS ***
Iseedora: folds 
BrilliantDawn84: folds 
MaRKiToScoK: folds 
kamyu2117: folds 
Uncalled bet ($0.50) returned to p0pa4poker
p0pa4poker collected $1 from pot
p0pa4poker: doesn't show hand 
*** SUMMARY ***
Total pot $1 | Rake $0 
Seat 1: silvafox12
Seat 2: BrilliantDawn84 folded before Flop (didn't bet)
Seat 3: MaRKiToScoK (button) folded before Flop (didn't bet)
Seat 4: kamyu2117 (small blind) folded before Flop
Seat 5: p0pa4poker (big blind) collected ($1)
Seat 6: Iseedora folded before Flop (didn't bet)



PokerStars Hand #254490909509:  Hold'em No Limit ($0.50/$1.00 USD) - 2025/01/21 22:07:25 WET [2025/01/21 17:07:25 ET]
Table 'Alterf III' 6-max Seat #4 is the button
Seat 1: silvafox12 ($10 in chips) is sitting out
Seat 2: BrilliantDawn84 ($100 in chips) 
Seat 3: MaRKiToScoK ($101 in chips) 
Seat 4: kamyu2117 ($104.21 in chips) 
Seat 5: p0pa4poker ($100.50 in chips) 
Seat 6: Iseedora ($129.78 in chips) 
p0pa4poker: posts small blind $0.50
Iseedora: posts big blind $1
silvafox12: sits out 
*** HOLE CARDS ***
BrilliantDawn84: folds 
MaRKiToScoK: raises $1.25 to $2.25
kamyu2117: calls $2.25
p0pa4poker: folds 
Iseedora: folds 
*** FLOP *** [7c 5d 2h]
MaRKiToScoK: checks 
kamyu2117: bets $2
MaRKiToScoK: calls $2
*** TURN *** [7c 5d 2h] [3h]
MaRKiToScoK: checks 
kamyu2117: bets $6
MaRKiToScoK: raises $18 to $24
kamyu2117: folds 
Uncalled bet ($18) returned to MaRKiToScoK
MaRKiToScoK collected $20.90 from pot
*** SUMMARY ***
Total pot $22 | Rake $1.10 
Board [7c 5d 2h 3h]
Seat 1: silvafox12
Seat 2: BrilliantDawn84 folded before Flop (didn't bet)
Seat 3: MaRKiToScoK collected ($20.90)
Seat 4: kamyu2117 (button) folded on the Turn
Seat 5: p0pa4poker (small blind) folded before Flop
Seat 6: Iseedora (big blind) folded before Flop



PokerStars Hand #254490937749:  Hold'em No Limit ($0.50/$1.00 USD) - 2025/01/21 22:09:05 WET [2025/01/21 17:09:05 ET]
Table 'Alterf III' 6-max Seat #5 is the button
Seat 1: silvafox12 ($10 in chips) 
Seat 2: BrilliantDawn84 ($100 in chips) 
Seat 3: MaRKiToScoK ($111.65 in chips) 
Seat 4: kamyu2117 ($93.96 in chips) 
Seat 5: p0pa4poker ($100 in chips) 
Seat 6: Iseedora ($128.78 in chips) 
Iseedora: posts small blind $0.50
silvafox12: posts big blind $1
*** HOLE CARDS ***
BrilliantDawn84: raises $1.50 to $2.50
MaRKiToScoK: folds 
kamyu2117: folds 
p0pa4poker: folds 
Iseedora: folds 
silvafox12: folds 
Uncalled bet ($1.50) returned to BrilliantDawn84
BrilliantDawn84 collected $2.50 from pot
BrilliantDawn84: doesn't show hand 
*** SUMMARY ***
Total pot $2.50 | Rake $0 
Seat 1: silvafox12 (big blind) folded before Flop
Seat 2: BrilliantDawn84 collected ($2.50)
Seat 3: MaRKiToScoK folded before Flop (didn't bet)
Seat 4: kamyu2117 folded before Flop (didn't bet)
Seat 5: p0pa4poker (button) folded before Flop (didn't bet)
Seat 6: Iseedora (small blind) folded before Flop



PokerStars Hand #254490945495:  Hold'em No Limit ($0.50/$1.00 USD) - 2025/01/21 22:09:32 WET [2025/01/21 17:09:32 ET]
Table 'Alterf III' 6-max Seat #6 is the button
Seat 1: silvafox12 ($10 in chips) 
Seat 2: BrilliantDawn84 ($101.50 in chips) 
Seat 3: MaRKiToScoK ($111.65 in chips) 
Seat 4: kamyu2117 ($93.96 in chips) 
Seat 5: p0pa4poker ($100 in chips) 
Seat 6: Iseedora ($128.28 in chips) 
silvafox12: posts small blind $0.50
BrilliantDawn84: posts big blind $1
*** HOLE CARDS ***
MaRKiToScoK: raises $1 to $2
kamyu2117: folds 
p0pa4poker: folds 
Iseedora: calls $2
silvafox12: raises $8 to $10 and is all-in
BrilliantDawn84: folds 
MaRKiToScoK: raises $14.50 to $24.50
Iseedora: folds 
Uncalled bet ($14.50) returned to MaRKiToScoK
MaRKiToScoK has timed out
*** FLOP *** [Ah 9s 5d]
*** TURN *** [Ah 9s 5d] [8c]
*** RIVER *** [Ah 9s 5d 8c] [7d]
*** SHOW DOWN ***
silvafox12: shows [Ac Qs] (a pair of Aces)
MaRKiToScoK: shows [6h Kh] (a straight, Five to Nine)
MaRKiToScoK collected $21.85 from pot
*** SUMMARY ***
Total pot $23 | Rake $1.15 
Board [Ah 9s 5d 8c 7d]
Seat 1: silvafox12 (small blind) showed [Ac Qs] and lost with a pair of Aces
Seat 2: BrilliantDawn84 (big blind) folded before Flop
Seat 3: MaRKiToScoK showed [6h Kh] and won ($21.85) with a straight, Five to Nine
Seat 4: kamyu2117 folded before Flop (didn't bet)
Seat 5: p0pa4poker folded before Flop (didn't bet)
Seat 6: Iseedora (button) folded before Flop



PokerStars Hand #254490969778:  Hold'em No Limit ($0.50/$1.00 USD) - 2025/01/21 22:10:58 WET [2025/01/21 17:10:58 ET]
Table 'Alterf III' 6-max Seat #1 is the button
Seat 1: silvafox12 ($10 in chips) 
Seat 2: BrilliantDawn84 ($100.50 in chips) 
Seat 3: MaRKiToScoK ($123.50 in chips) 
Seat 4: kamyu2117 ($93.96 in chips) 
Seat 5: p0pa4poker ($100 in chips) 
Seat 6: Iseedora ($126.28 in chips) 
BrilliantDawn84: posts small blind $0.50
MaRKiToScoK: posts big blind $1
*** HOLE CARDS ***
kamyu2117: raises $1.50 to $2.50
p0pa4poker: folds 
Iseedora: folds 
silvafox12: folds 
BrilliantDawn84: raises $5 to $7.50
MaRKiToScoK: folds 
kamyu2117: folds 
Uncalled bet ($5) returned to BrilliantDawn84
BrilliantDawn84 collected $6 from pot
BrilliantDawn84: doesn't show hand 
*** SUMMARY ***
Total pot $6 | Rake $0 
Seat 1: silvafox12 (button) folded before Flop (didn't bet)
Seat 2: BrilliantDawn84 (small blind) collected ($6)
Seat 3: MaRKiToScoK (big blind) folded before Flop
Seat 4: kamyu2117 folded before Flop
Seat 5: p0pa4poker folded before Flop (didn't bet)
Seat 6: Iseedora folded before Flop (didn't bet)



PokerStars Hand #254490977255:  Hold'em No Limit ($0.50/$1.00 USD) - 2025/01/21 22:11:24 WET [2025/01/21 17:11:24 ET]
Table 'Alterf III' 6-max Seat #2 is the button
Seat 1: silvafox12 ($10 in chips) 
Seat 2: BrilliantDawn84 ($104 in chips) 
Seat 3: MaRKiToScoK ($122.50 in chips) 
Seat 4: kamyu2117 ($91.46 in chips) 
Seat 5: p0pa4poker ($100 in chips) 
Seat 6: Iseedora ($126.28 in chips) 
MaRKiToScoK: posts small blind $0.50
kamyu2117: posts big blind $1
*** HOLE CARDS ***
p0pa4poker: raises $1 to $2
Iseedora: folds 
silvafox12: folds 
BrilliantDawn84: folds 
MaRKiToScoK: folds 
kamyu2117: folds 
Uncalled bet ($1) returned to p0pa4poker
p0pa4poker collected $2.50 from pot
p0pa4poker: doesn't show hand 
*** SUMMARY ***
Total pot $2.50 | Rake $0 
Seat 1: silvafox12 folded before Flop (didn't bet)
Seat 2: BrilliantDawn84 (button) folded before Flop (didn't bet)
Seat 3: MaRKiToScoK (small blind) folded before Flop
Seat 4: kamyu2117 (big blind) folded before Flop
Seat 5: p0pa4poker collected ($2.50)
Seat 6: Iseedora folded before Flop (didn't bet)



PokerStars Hand #254490990095:  Hold'em No Limit ($0.50/$1.00 USD) - 2025/01/21 22:12:08 WET [2025/01/21 17:12:08 ET]
Table 'Alterf III' 6-max Seat #3 is the button
Seat 5: p0pa4poker ($101.50 in chips) is sitting out
Seat 1: silvafox12 ($10 in chips) 
Seat 2: BrilliantDawn84 ($104 in chips) 
Seat 3: MaRKiToScoK ($122 in chips) 
Seat 4: kamyu2117 ($90.46 in chips) 
Seat 6: Iseedora ($126.28 in chips) 
kamyu2117: posts small blind $0.50
p0pa4poker: is sitting out 
Iseedora: posts big blind $1
*** HOLE CARDS ***
silvafox12: folds 
BrilliantDawn84: folds 
MaRKiToScoK: folds 
kamyu2117: raises $2 to $3
Iseedora: folds 
Uncalled bet ($2) returned to kamyu2117
kamyu2117 collected $2 from pot
kamyu2117: doesn't show hand 
*** SUMMARY ***
Total pot $2 | Rake $0 
Seat 5: p0pa4poker
Seat 1: silvafox12 folded before Flop (didn't bet)
Seat 2: BrilliantDawn84 folded before Flop (didn't bet)
Seat 3: MaRKiToScoK (button) folded before Flop (didn't bet)
Seat 4: kamyu2117 (small blind) collected ($2)
Seat 6: Iseedora (big blind) folded before Flop



PokerStars Hand #254490996205:  Hold'em No Limit ($0.50/$1.00 USD) - 2025/01/21 22:12:29 WET [2025/01/21 17:12:29 ET]
Table 'Alterf III' 6-max Seat #4 is the button
Seat 5: p0pa4poker ($101.50 in chips) is sitting out
Seat 1: silvafox12 ($10 in chips) 
Seat 2: BrilliantDawn84 ($104 in chips) 
Seat 3: MaRKiToScoK ($122 in chips) 
Seat 4: kamyu2117 ($91.46 in chips) 
Seat 6: Iseedora ($125.28 in chips) 
Iseedora: posts small blind $0.50
silvafox12: posts big blind $1
*** HOLE CARDS ***
BrilliantDawn84: folds 
MaRKiToScoK: folds 
kamyu2117: folds 
Iseedora: calls $0.50
p0pa4poker leaves the table
silvafox12: raises $9 to $10 and is all-in
Iseedora: folds 
Uncalled bet ($9) returned to silvafox12
silvafox12 collected $2 from pot
silvafox12: doesn't show hand 
*** SUMMARY ***
Total pot $2 | Rake $0 
Seat 5: p0pa4poker
Seat 1: silvafox12 (big blind) collected ($2)
Seat 2: BrilliantDawn84 folded before Flop (didn't bet)
Seat 3: MaRKiToScoK folded before Flop (didn't bet)
Seat 4: kamyu2117 (button) folded before Flop (didn't bet)
Seat 6: Iseedora (small blind) folded before Flop



PokerStars Hand #254491011746:  Hold'em No Limit ($0.50/$1.00 USD) - 2025/01/21 22:13:23 WET [2025/01/21 17:13:23 ET]
Table 'Alterf III' 6-max Seat #6 is the button
Seat 1: silvafox12 ($11 in chips) 
Seat 2: BrilliantDawn84 ($104 in chips) 
Seat 3: MaRKiToScoK ($122 in chips) 
Seat 4: kamyu2117 ($91.46 in chips) 
Seat 6: Iseedora ($124.28 in chips) 
silvafox12: posts small blind $0.50
BrilliantDawn84: posts big blind $1
*** HOLE CARDS ***
MaRKiToScoK: folds 
kamyu2117: folds 
Iseedora: folds 
MaRKiToScoK leaves the table
silvafox12: raises $10 to $11 and is all-in
BrilliantDawn84: folds 
Uncalled bet ($10) returned to silvafox12
silvafox12 collected $2 from pot
silvafox12: doesn't show hand 
*** SUMMARY ***
Total pot $2 | Rake $0 
Seat 1: silvafox12 (small blind) collected ($2)
Seat 2: BrilliantDawn84 (big blind) folded before Flop
Seat 3: MaRKiToScoK folded before Flop (didn't bet)
Seat 4: kamyu2117 folded before Flop (didn't bet)
Seat 6: Iseedora (button) folded before Flop (didn't bet)



PokerStars Hand #254491015947:  Hold'em No Limit ($0.50/$1.00 USD) - 2025/01/21 22:13:38 WET [2025/01/21 17:13:38 ET]
Table 'Alterf III' 6-max Seat #1 is the button
Seat 1: silvafox12 ($12 in chips) 
Seat 2: BrilliantDawn84 ($103 in chips) 
Seat 4: kamyu2117 ($91.46 in chips) 
Seat 6: Iseedora ($124.28 in chips) 
BrilliantDawn84: posts small blind $0.50
kamyu2117: posts big blind $1
*** HOLE CARDS ***
Iseedora: folds 
silvafox12: folds 
BrilliantDawn84: raises $1.50 to $2.50
kamyu2117: folds 
Uncalled bet ($1.50) returned to BrilliantDawn84
BrilliantDawn84 collected $2 from pot
BrilliantDawn84: doesn't show hand 
Dante21b joins the table at seat #5 
*** SUMMARY ***
Total pot $2 | Rake $0 
Seat 1: silvafox12 (button) folded before Flop (didn't bet)
Seat 2: BrilliantDawn84 (small blind) collected ($2)
Seat 4: kamyu2117 (big blind) folded before Flop
Seat 6: Iseedora folded before Flop (didn't bet)



PokerStars Hand #254491022178:  Hold'em No Limit ($0.50/$1.00 USD) - 2025/01/21 22:13:59 WET [2025/01/21 17:13:59 ET]
Table 'Alterf III' 6-max Seat #2 is the button
Seat 1: silvafox12 ($12 in chips) 
Seat 2: BrilliantDawn84 ($104 in chips) 
Seat 4: kamyu2117 ($90.46 in chips) 
Seat 5: Dante21b ($100 in chips) 
Seat 6: Iseedora ($124.28 in chips) 
kamyu2117: posts small blind $0.50
Dante21b is connected 
Dante21b: posts big blind $1
*** HOLE CARDS ***
Iseedora: folds 
silvafox12: folds 
BrilliantDawn84: raises $1.50 to $2.50
kamyu2117: folds 
Dante21b: raises $7.50 to $10
BrilliantDawn84: folds 
Uncalled bet ($7.50) returned to Dante21b
Dante21b collected $5.50 from pot
Dante21b: doesn't show hand 
*** SUMMARY ***
Total pot $5.50 | Rake $0 
Seat 1: silvafox12 folded before Flop (didn't bet)
Seat 2: BrilliantDawn84 (button) folded before Flop
Seat 4: kamyu2117 (small blind) folded before Flop
Seat 5: Dante21b (big blind) collected ($5.50)
Seat 6: Iseedora folded before Flop (didn't bet)



PokerStars Hand #254491028041:  Hold'em No Limit ($0.50/$1.00 USD) - 2025/01/21 22:14:20 WET [2025/01/21 17:14:20 ET]
Table 'Alterf III' 6-max Seat #4 is the button
Seat 1: silvafox12 ($12 in chips) 
Seat 2: BrilliantDawn84 ($101.50 in chips) 
Seat 4: kamyu2117 ($100 in chips) 
Seat 5: Dante21b ($103 in chips) 
Seat 6: Iseedora ($124.28 in chips) 
Dante21b: posts small blind $0.50
Iseedora: posts big blind $1
*** HOLE CARDS ***
silvafox12: folds 
BrilliantDawn84: folds 
kamyu2117: folds 
Dante21b: folds 
Uncalled bet ($0.50) returned to Iseedora
Iseedora collected $1 from pot
Iseedora: doesn't show hand 
*** SUMMARY ***
Total pot $1 | Rake $0 
Seat 1: silvafox12 folded before Flop (didn't bet)
Seat 2: BrilliantDawn84 folded before Flop (didn't bet)
Seat 4: kamyu2117 (button) folded before Flop (didn't bet)
Seat 5: Dante21b (small blind) folded before Flop
Seat 6: Iseedora (big blind) collected ($1)



PokerStars Hand #254491031135:  Hold'em No Limit ($0.50/$1.00 USD) - 2025/01/21 22:14:30 WET [2025/01/21 17:14:30 ET]
Table 'Alterf III' 6-max Seat #5 is the button
Seat 1: silvafox12 ($12 in chips) 
Seat 2: BrilliantDawn84 ($101.50 in chips) 
Seat 4: kamyu2117 ($100 in chips) 
Seat 5: Dante21b ($102.50 in chips) 
Seat 6: Iseedora ($124.78 in chips) 
Iseedora: posts small blind $0.50
silvafox12: posts big blind $1
*** HOLE CARDS ***
BrilliantDawn84: folds 
kamyu2117: folds 
Dante21b: folds 
Iseedora: calls $0.50
silvafox12: checks 
*** FLOP *** [5h Qc 8c]
Iseedora: checks 
silvafox12: checks 
*** TURN *** [5h Qc 8c] [5c]
Iseedora: checks 
silvafox12: bets $1.46
Iseedora: calls $1.46
*** RIVER *** [5h Qc 8c 5c] [9c]
Iseedora: bets $11
silvafox12: folds 
Uncalled bet ($11) returned to Iseedora
Iseedora collected $4.67 from pot
Iseedora: doesn't show hand 
*** SUMMARY ***
Total pot $4.92 | Rake $0.25 
Board [5h Qc 8c 5c 9c]
Seat 1: silvafox12 (big blind) folded on the River
Seat 2: BrilliantDawn84 folded before Flop (didn't bet)
Seat 4: kamyu2117 folded before Flop (didn't bet)
Seat 5: Dante21b (button) folded before Flop (didn't bet)
Seat 6: Iseedora (small blind) collected ($4.67)



PokerStars Hand #254491052808:  Hold'em No Limit ($0.50/$1.00 USD) - 2025/01/21 22:15:45 WET [2025/01/21 17:15:45 ET]
Table 'Alterf III' 6-max Seat #6 is the button
Seat 1: silvafox12 ($10 in chips) 
Seat 2: BrilliantDawn84 ($101.50 in chips) 
Seat 4: kamyu2117 ($100 in chips) 
Seat 5: Dante21b ($102.50 in chips) 
Seat 6: Iseedora ($126.99 in chips) 
silvafox12: posts small blind $0.50
BrilliantDawn84: posts big blind $1
*** HOLE CARDS ***
kamyu2117: folds 
Dante21b: folds 
Iseedora: folds 
silvafox12: raises $9 to $10 and is all-in
BrilliantDawn84: folds 
Uncalled bet ($9) returned to silvafox12
silvafox12 collected $2 from pot
silvafox12: doesn't show hand 
*** SUMMARY ***
Total pot $2 | Rake $0 
Seat 1: silvafox12 (small blind) collected ($2)
Seat 2: BrilliantDawn84 (big blind) folded before Flop
Seat 4: kamyu2117 folded before Flop (didn't bet)
Seat 5: Dante21b folded before Flop (didn't bet)
Seat 6: Iseedora (button) folded before Flop (didn't bet)



PokerStars Hand #254491059455:  Hold'em No Limit ($0.50/$1.00 USD) - 2025/01/21 22:16:08 WET [2025/01/21 17:16:08 ET]
Table 'Alterf III' 6-max Seat #1 is the button
Seat 1: silvafox12 ($11 in chips) 
Seat 2: BrilliantDawn84 ($100.50 in chips) 
Seat 4: kamyu2117 ($100 in chips) 
Seat 5: Dante21b ($102.50 in chips) 
Seat 6: Iseedora ($126.99 in chips) 
BrilliantDawn84: posts small blind $0.50
kamyu2117: posts big blind $1
*** HOLE CARDS ***
Dante21b: folds 
Iseedora: raises $1.20 to $2.20
silvafox12: folds 
BrilliantDawn84: folds 
kamyu2117: calls $1.20
*** FLOP *** [7s 8s 3d]
kamyu2117: checks 
Iseedora: checks 
*** TURN *** [7s 8s 3d] [7c]
kamyu2117: checks 
Iseedora: checks 
*** RIVER *** [7s 8s 3d 7c] [7h]
kamyu2117: bets $2
Iseedora: folds 
Uncalled bet ($2) returned to kamyu2117
kamyu2117 collected $4.66 from pot
kamyu2117: doesn't show hand 
*** SUMMARY ***
Total pot $4.90 | Rake $0.24 
Board [7s 8s 3d 7c 7h]
Seat 1: silvafox12 (button) folded before Flop (didn't bet)
Seat 2: BrilliantDawn84 (small blind) folded before Flop
Seat 4: kamyu2117 (big blind) collected ($4.66)
Seat 5: Dante21b folded before Flop (didn't bet)
Seat 6: Iseedora folded on the River



PokerStars Hand #254491078059:  Hold'em No Limit ($0.50/$1.00 USD) - 2025/01/21 22:17:12 WET [2025/01/21 17:17:12 ET]
Table 'Alterf III' 6-max Seat #2 is the button
Seat 1: silvafox12 ($11 in chips) 
Seat 2: BrilliantDawn84 ($100 in chips) 
Seat 4: kamyu2117 ($102.46 in chips) 
Seat 5: Dante21b ($102.50 in chips) 
Seat 6: Iseedora ($124.79 in chips) 
kamyu2117: posts small blind $0.50
Dante21b: posts big blind $1
*** HOLE CARDS ***
Iseedora: folds 
silvafox12: folds 
BrilliantDawn84: raises $1.50 to $2.50
kamyu2117: folds 
Dante21b: folds 
Uncalled bet ($1.50) returned to BrilliantDawn84
BrilliantDawn84 collected $2.50 from pot
BrilliantDawn84: doesn't show hand 
*** SUMMARY ***
Total pot $2.50 | Rake $0 
Seat 1: silvafox12 folded before Flop (didn't bet)
Seat 2: BrilliantDawn84 (button) collected ($2.50)
Seat 4: kamyu2117 (small blind) folded before Flop
Seat 5: Dante21b (big blind) folded before Flop
Seat 6: Iseedora folded before Flop (didn't bet)



PokerStars Hand #254491082705:  Hold'em No Limit ($0.50/$1.00 USD) - 2025/01/21 22:17:28 WET [2025/01/21 17:17:28 ET]
Table 'Alterf III' 6-max Seat #4 is the button
Seat 6: Iseedora ($124.79 in chips) is sitting out
Seat 1: silvafox12 ($11 in chips) 
Seat 2: BrilliantDawn84 ($101.50 in chips) 
Seat 4: kamyu2117 ($101.96 in chips) 
Seat 5: Dante21b ($101.50 in chips) 
Dante21b: posts small blind $0.50
Iseedora: is sitting out 
silvafox12: posts big blind $1
*** HOLE CARDS ***
BrilliantDawn84: folds 
kamyu2117: folds 
Dante21b: raises $2 to $3
silvafox12: folds 
Uncalled bet ($2) returned to Dante21b
Dante21b collected $2 from pot
Dante21b: doesn't show hand 
*** SUMMARY ***
Total pot $2 | Rake $0 
Seat 6: Iseedora
Seat 1: silvafox12 (big blind) folded before Flop
Seat 2: BrilliantDawn84 folded before Flop (didn't bet)
Seat 4: kamyu2117 (button) folded before Flop (didn't bet)
Seat 5: Dante21b (small blind) collected ($2)



PokerStars Hand #254491087714:  Hold'em No Limit ($0.50/$1.00 USD) - 2025/01/21 22:17:45 WET [2025/01/21 17:17:45 ET]
Table 'Alterf III' 6-max Seat #5 is the button
Seat 6: Iseedora ($124.79 in chips) is sitting out
Seat 1: silvafox12 ($10 in chips) 
Seat 2: BrilliantDawn84 ($101.50 in chips) 
Seat 4: kamyu2117 ($101.96 in chips) 
Seat 5: Dante21b ($102.50 in chips) 
silvafox12: posts small blind $0.50
BrilliantDawn84: posts big blind $1
*** HOLE CARDS ***
kamyu2117: folds 
Dante21b: folds 
silvafox12: raises $9 to $10 and is all-in
BrilliantDawn84: folds 
Uncalled bet ($9) returned to silvafox12
silvafox12 collected $2 from pot
silvafox12: doesn't show hand 
*** SUMMARY ***
Total pot $2 | Rake $0 
Seat 6: Iseedora
Seat 1: silvafox12 (small blind) collected ($2)
Seat 2: BrilliantDawn84 (big blind) folded before Flop
Seat 4: kamyu2117 folded before Flop (didn't bet)
Seat 5: Dante21b (button) folded before Flop (didn't bet)



PokerStars Hand #254491092484:  Hold'em No Limit ($0.50/$1.00 USD) - 2025/01/21 22:18:01 WET [2025/01/21 17:18:01 ET]
Table 'Alterf III' 6-max Seat #1 is the button
Seat 6: Iseedora ($124.79 in chips) is sitting out
Seat 1: silvafox12 ($11 in chips) 
Seat 2: BrilliantDawn84 ($100.50 in chips) 
Seat 4: kamyu2117 ($101.96 in chips) 
Seat 5: Dante21b ($102.50 in chips) 
BrilliantDawn84: posts small blind $0.50
kamyu2117: posts big blind $1
*** HOLE CARDS ***
Dante21b: folds 
Iseedora leaves the table
silvafox12: folds 
BrilliantDawn84: folds 
Uncalled bet ($0.50) returned to kamyu2117
kamyu2117 collected $1 from pot
kamyu2117: doesn't show hand 
*** SUMMARY ***
Total pot $1 | Rake $0 
Seat 6: Iseedora
Seat 1: silvafox12 (button) folded before Flop (didn't bet)
Seat 2: BrilliantDawn84 (small blind) folded before Flop
Seat 4: kamyu2117 (big blind) collected ($1)
Seat 5: Dante21b folded before Flop (didn't bet)



PokerStars Hand #254491094311:  Hold'em No Limit ($0.50/$1.00 USD) - 2025/01/21 22:18:08 WET [2025/01/21 17:18:08 ET]
Table 'Alterf III' 6-max Seat #2 is the button
Seat 1: silvafox12 ($11 in chips) 
Seat 2: BrilliantDawn84 ($100 in chips) 
Seat 4: kamyu2117 ($102.46 in chips) 
Seat 5: Dante21b ($102.50 in chips) 
kamyu2117: posts small blind $0.50
Dante21b: posts big blind $1
*** HOLE CARDS ***
silvafox12: folds 
BrilliantDawn84: raises $1.50 to $2.50
kamyu2117: folds 
Dante21b: folds 
Uncalled bet ($1.50) returned to BrilliantDawn84
BrilliantDawn84 collected $2.50 from pot
BrilliantDawn84: doesn't show hand 
*** SUMMARY ***
Total pot $2.50 | Rake $0 
Seat 1: silvafox12 folded before Flop (didn't bet)
Seat 2: BrilliantDawn84 (button) collected ($2.50)
Seat 4: kamyu2117 (small blind) folded before Flop
Seat 5: Dante21b (big blind) folded before Flop



PokerStars Hand #254491099546:  Hold'em No Limit ($0.50/$1.00 USD) - 2025/01/21 22:18:26 WET [2025/01/21 17:18:26 ET]
Table 'Alterf III' 6-max Seat #4 is the button
Seat 1: silvafox12 ($11 in chips) 
Seat 2: BrilliantDawn84 ($101.50 in chips) 
Seat 4: kamyu2117 ($101.96 in chips) 
Seat 5: Dante21b ($101.50 in chips) 
Dante21b: posts small blind $0.50
silvafox12: posts big blind $1
*** HOLE CARDS ***
BrilliantDawn84: folds 
kamyu2117: folds 
Dante21b: folds 
Uncalled bet ($0.50) returned to silvafox12
silvafox12 collected $1 from pot
silvafox12: doesn't show hand 
*** SUMMARY ***
Total pot $1 | Rake $0 
Seat 1: silvafox12 (big blind) collected ($1)
Seat 2: BrilliantDawn84 folded before Flop (didn't bet)
Seat 4: kamyu2117 (button) folded before Flop (didn't bet)
Seat 5: Dante21b (small blind) folded before Flop



PokerStars Hand #254491102658:  Hold'em No Limit ($0.50/$1.00 USD) - 2025/01/21 22:18:36 WET [2025/01/21 17:18:36 ET]
Table 'Alterf III' 6-max Seat #5 is the button
Seat 1: silvafox12 ($11.50 in chips) 
Seat 2: BrilliantDawn84 ($101.50 in chips) 
Seat 4: kamyu2117 ($101.96 in chips) 
Seat 5: Dante21b ($101 in chips) 
silvafox12: posts small blind $0.50
BrilliantDawn84: posts big blind $1
*** HOLE CARDS ***
kamyu2117: folds 
Dante21b: raises $1.50 to $2.50
silvafox12: folds 
BrilliantDawn84: folds 
Uncalled bet ($1.50) returned to Dante21b
Dante21b collected $2.50 from pot
Dante21b: doesn't show hand 
*** SUMMARY ***
Total pot $2.50 | Rake $0 
Seat 1: silvafox12 (small blind) folded before Flop
Seat 2: BrilliantDawn84 (big blind) folded before Flop
Seat 4: kamyu2117 folded before Flop (didn't bet)
Seat 5: Dante21b (button) collected ($2.50)



PokerStars Hand #254491106767:  Hold'em No Limit ($0.50/$1.00 USD) - 2025/01/21 22:18:50 WET [2025/01/21 17:18:50 ET]
Table 'Alterf III' 6-max Seat #1 is the button
Seat 1: silvafox12 ($11 in chips) 
Seat 2: BrilliantDawn84 ($100.50 in chips) 
Seat 4: kamyu2117 ($101.96 in chips) 
Seat 5: Dante21b ($102.50 in chips) 
BrilliantDawn84: posts small blind $0.50
kamyu2117: posts big blind $1
*** HOLE CARDS ***
Dante21b: folds 
silvafox12: folds 
BrilliantDawn84: folds 
Uncalled bet ($0.50) returned to kamyu2117
kamyu2117 collected $1 from pot
kamyu2117: doesn't show hand 
*** SUMMARY ***
Total pot $1 | Rake $0 
Seat 1: silvafox12 (button) folded before Flop (didn't bet)
Seat 2: BrilliantDawn84 (small blind) folded before Flop
Seat 4: kamyu2117 (big blind) collected ($1)
Seat 5: Dante21b folded before Flop (didn't bet)



PokerStars Hand #254491108854:  Hold'em No Limit ($0.50/$1.00 USD) - 2025/01/21 22:18:57 WET [2025/01/21 17:18:57 ET]
Table 'Alterf III' 6-max Seat #2 is the button
Seat 1: silvafox12 ($11 in chips) 
Seat 2: BrilliantDawn84 ($100 in chips) 
Seat 4: kamyu2117 ($102.46 in chips) 
Seat 5: Dante21b ($102.50 in chips) 
kamyu2117: posts small blind $0.50
Dante21b: posts big blind $1
*** HOLE CARDS ***
silvafox12: folds 
BrilliantDawn84: folds 
kamyu2117: raises $2 to $3
Dante21b: folds 
Uncalled bet ($2) returned to kamyu2117
kamyu2117 collected $2 from pot
kamyu2117: doesn't show hand 
*** SUMMARY ***
Total pot $2 | Rake $0 
Seat 1: silvafox12 folded before Flop (didn't bet)
Seat 2: BrilliantDawn84 (button) folded before Flop (didn't bet)
Seat 4: kamyu2117 (small blind) collected ($2)
Seat 5: Dante21b (big blind) folded before Flop



PokerStars Hand #254491112693:  Hold'em No Limit ($0.50/$1.00 USD) - 2025/01/21 22:19:10 WET [2025/01/21 17:19:10 ET]
Table 'Alterf III' 6-max Seat #4 is the button
Seat 1: silvafox12 ($11 in chips) 
Seat 2: BrilliantDawn84 ($100 in chips) 
Seat 4: kamyu2117 ($103.46 in chips) 
Seat 5: Dante21b ($101.50 in chips) 
Dante21b: posts small blind $0.50
silvafox12: posts big blind $1
*** HOLE CARDS ***
BrilliantDawn84: folds 
kamyu2117: folds 
Dante21b: folds 
Uncalled bet ($0.50) returned to silvafox12
silvafox12 collected $1 from pot
silvafox12: doesn't show hand 
*** SUMMARY ***
Total pot $1 | Rake $0 
Seat 1: silvafox12 (big blind) collected ($1)
Seat 2: BrilliantDawn84 folded before Flop (didn't bet)
Seat 4: kamyu2117 (button) folded before Flop (didn't bet)
Seat 5: Dante21b (small blind) folded before Flop



PokerStars Hand #254491117306:  Hold'em No Limit ($0.50/$1.00 USD) - 2025/01/21 22:19:27 WET [2025/01/21 17:19:27 ET]
Table 'Alterf III' 6-max Seat #5 is the button
Seat 1: silvafox12 ($11.50 in chips) 
Seat 2: BrilliantDawn84 ($100 in chips) 
Seat 4: kamyu2117 ($103.46 in chips) 
Seat 5: Dante21b ($101 in chips) 
silvafox12: posts small blind $0.50
BrilliantDawn84: posts big blind $1
*** HOLE CARDS ***
kamyu2117: folds 
Dante21b: folds 
silvafox12: folds 
Uncalled bet ($0.50) returned to BrilliantDawn84
BrilliantDawn84 collected $1 from pot
BrilliantDawn84: doesn't show hand 
*** SUMMARY ***
Total pot $1 | Rake $0 
Seat 1: silvafox12 (small blind) folded before Flop
Seat 2: BrilliantDawn84 (big blind) collected ($1)
Seat 4: kamyu2117 folded before Flop (didn't bet)
Seat 5: Dante21b (button) folded before Flop (didn't bet)



PokerStars Hand #254491122196:  Hold'em No Limit ($0.50/$1.00 USD) - 2025/01/21 22:19:44 WET [2025/01/21 17:19:44 ET]
Table 'Alterf III' 6-max Seat #1 is the button
Seat 1: silvafox12 ($11 in chips) 
Seat 2: BrilliantDawn84 ($100.50 in chips) 
Seat 4: kamyu2117 ($103.46 in chips) 
Seat 5: Dante21b ($101 in chips) 
BrilliantDawn84: posts small blind $0.50
kamyu2117: posts big blind $1
*** HOLE CARDS ***
Dante21b: folds 
silvafox12: raises $10 to $11 and is all-in
BrilliantDawn84: folds 
Dante21b leaves the table
kamyu2117: folds 
Uncalled bet ($10) returned to silvafox12
silvafox12 collected $2.50 from pot
silvafox12: doesn't show hand 
*** SUMMARY ***
Total pot $2.50 | Rake $0 
Seat 1: silvafox12 (button) collected ($2.50)
Seat 2: BrilliantDawn84 (small blind) folded before Flop
Seat 4: kamyu2117 (big blind) folded before Flop
Seat 5: Dante21b folded before Flop (didn't bet)



PokerStars Hand #254491125438:  Hold'em No Limit ($0.50/$1.00 USD) - 2025/01/21 22:19:55 WET [2025/01/21 17:19:55 ET]
Table 'Alterf III' 6-max Seat #2 is the button
Seat 1: silvafox12 ($12.50 in chips) 
Seat 2: BrilliantDawn84 ($100 in chips) 
Seat 4: kamyu2117 ($102.46 in chips) 
kamyu2117: posts small blind $0.50
silvafox12: posts big blind $1
*** HOLE CARDS ***
BrilliantDawn84: folds 
kamyu2117: folds 
Uncalled bet ($0.50) returned to silvafox12
silvafox12 collected $1 from pot
silvafox12: doesn't show hand 
BrilliantDawn84 leaves the table
*** SUMMARY ***
Total pot $1 | Rake $0 
Seat 1: silvafox12 (big blind) collected ($1)
Seat 2: BrilliantDawn84 (button) folded before Flop (didn't bet)
Seat 4: kamyu2117 (small blind) folded before Flop



PokerStars Hand #254491127938:  Hold'em No Limit ($0.50/$1.00 USD) - 2025/01/21 22:20:04 WET [2025/01/21 17:20:04 ET]
Table 'Alterf III' 6-max Seat #1 is the button
Seat 1: silvafox12 ($13 in chips) 
Seat 4: kamyu2117 ($101.96 in chips) 
silvafox12: posts small blind $0.50
kamyu2117: posts big blind $1
*** HOLE CARDS ***
silvafox12: raises $12 to $13 and is all-in
kamyu2117: folds 
Uncalled bet ($12) returned to silvafox12
silvafox12 collected $2 from pot
silvafox12: doesn't show hand 
*** SUMMARY ***
Total pot $2 | Rake $0 
Seat 1: silvafox12 (button) (small blind) collected ($2)
Seat 4: kamyu2117 (big blind) folded before Flop



PokerStars Hand #254491130661:  Hold'em No Limit ($0.50/$1.00 USD) - 2025/01/21 22:20:13 WET [2025/01/21 17:20:13 ET]
Table 'Alterf III' 6-max Seat #4 is the button
Seat 1: silvafox12 ($14 in chips) 
Seat 4: kamyu2117 ($100.96 in chips) 
kamyu2117: posts small blind $0.50
silvafox12: posts big blind $1
*** HOLE CARDS ***
kamyu2117: folds 
Uncalled bet ($0.50) returned to silvafox12
silvafox12 collected $1 from pot
silvafox12: doesn't show hand 
*** SUMMARY ***
Total pot $1 | Rake $0 
Seat 1: silvafox12 (big blind) collected ($1)
Seat 4: kamyu2117 (button) (small blind) folded before Flop



PokerStars Hand #254491132365:  Hold'em No Limit ($0.50/$1.00 USD) - 2025/01/21 22:20:19 WET [2025/01/21 17:20:19 ET]
Table 'Alterf III' 6-max Seat #1 is the button
Seat 1: silvafox12 ($14.50 in chips) 
Seat 4: kamyu2117 ($100.46 in chips) 
silvafox12: posts small blind $0.50
kamyu2117: posts big blind $1
*** HOLE CARDS ***
silvafox12: folds 
Uncalled bet ($0.50) returned to kamyu2117
kamyu2117 collected $1 from pot
kamyu2117: doesn't show hand 
*** SUMMARY ***
Total pot $1 | Rake $0 
Seat 1: silvafox12 (button) (small blind) folded before Flop
Seat 4: kamyu2117 (big blind) collected ($1)



PokerStars Hand #254491134152:  Hold'em No Limit ($0.50/$1.00 USD) - 2025/01/21 22:20:26 WET [2025/01/21 17:20:26 ET]
Table 'Alterf III' 6-max Seat #4 is the button
Seat 1: silvafox12 ($14 in chips) 
Seat 4: kamyu2117 ($100.96 in chips) 
kamyu2117: posts small blind $0.50
silvafox12: posts big blind $1
*** HOLE CARDS ***
kamyu2117: folds 
Uncalled bet ($0.50) returned to silvafox12
silvafox12 collected $1 from pot
silvafox12: doesn't show hand 
*** SUMMARY ***
Total pot $1 | Rake $0 
Seat 1: silvafox12 (big blind) collected ($1)
Seat 4: kamyu2117 (button) (small blind) folded before Flop



