PokerStars Hand #254480463851:  Hold'em No Limit ($0.50/$1.00 USD) - 2025/01/21 5:11:41 WET [2025/01/21 0:11:41 ET]
Table 'Wei III' 6-max Seat #1 is the button
Seat 5: ptolejmus ($10 in chips) is sitting out
Seat 1: B1GBankroll ($107.50 in chips) 
Seat 3: vanko 555 ($69.52 in chips) 
Seat 4: blistein ($100 in chips) 
Seat 6: ponchua ($132.23 in chips) 
vanko 555: posts small blind $0.50
blistein: posts big blind $1
ptolejmus: sits out 
*** HOLE CARDS ***
ponchua: folds 
B1GBankroll: folds 
vanko 555: folds 
Uncalled bet ($0.50) returned to blistein
blistein collected $1 from pot
blistein: doesn't show hand 
*** SUMMARY ***
Total pot $1 | Rake $0 
Seat 5: ptolejmus
Seat 1: B1GBankroll (button) folded before Flop (didn't bet)
Seat 3: vanko 555 (small blind) folded before Flop
Seat 4: blistein (big blind) collected ($1)
Seat 6: ponchua folded before Flop (didn't bet)



PokerStars Hand #254480464435:  Hold'em No Limit ($0.50/$1.00 USD) - 2025/01/21 5:11:48 WET [2025/01/21 0:11:48 ET]
Table 'Wei III' 6-max Seat #3 is the button
Seat 1: B1GBankroll ($107.50 in chips) 
Seat 3: vanko 555 ($69.02 in chips) 
Seat 4: blistein ($100.50 in chips) 
Seat 5: ptolejmus ($10 in chips) 
Seat 6: ponchua ($132.23 in chips) 
blistein: posts small blind $0.50
ptolejmus: posts big blind $1
*** HOLE CARDS ***
ponchua: folds 
B1GBankroll: folds 
vanko 555: raises $1.20 to $2.20
blistein: folds 
ptolejmus: folds 
Uncalled bet ($1.20) returned to vanko 555
vanko 555 collected $2.50 from pot
vanko 555: doesn't show hand 
*** SUMMARY ***
Total pot $2.50 | Rake $0 
Seat 1: B1GBankroll folded before Flop (didn't bet)
Seat 3: vanko 555 (button) collected ($2.50)
Seat 4: blistein (small blind) folded before Flop
Seat 5: ptolejmus (big blind) folded before Flop
Seat 6: ponchua folded before Flop (didn't bet)



PokerStars Hand #254480467077:  Hold'em No Limit ($0.50/$1.00 USD) - 2025/01/21 5:12:20 WET [2025/01/21 0:12:20 ET]
Table 'Wei III' 6-max Seat #4 is the button
Seat 1: B1GBankroll ($107.50 in chips) 
Seat 3: vanko 555 ($100 in chips) 
Seat 4: blistein ($100 in chips) 
Seat 5: ptolejmus ($10 in chips) 
Seat 6: ponchua ($132.23 in chips) 
ptolejmus: posts small blind $0.50
ponchua: posts big blind $1
*** HOLE CARDS ***
B1GBankroll: folds 
vanko 555: raises $1.20 to $2.20
blistein: folds 
ptolejmus: raises $7.80 to $10 and is all-in
ponchua: folds 
vanko 555: calls $7.80
*** FLOP *** [Kh 7h Kd]
*** TURN *** [Kh 7h Kd] [5d]
*** RIVER *** [Kh 7h Kd 5d] [8d]
*** SHOW DOWN ***
ptolejmus: shows [Ac 8s] (two pair, Kings and Eights)
vanko 555: shows [Qc 9s] (a pair of Kings)
ptolejmus collected $19.95 from pot
*** SUMMARY ***
Total pot $21 | Rake $1.05 
Board [Kh 7h Kd 5d 8d]
Seat 1: B1GBankroll folded before Flop (didn't bet)
Seat 3: vanko 555 showed [Qc 9s] and lost with a pair of Kings
Seat 4: blistein (button) folded before Flop (didn't bet)
Seat 5: ptolejmus (small blind) showed [Ac 8s] and won ($19.95) with two pair, Kings and Eights
Seat 6: ponchua (big blind) folded before Flop



PokerStars Hand #254480469599:  Hold'em No Limit ($0.50/$1.00 USD) - 2025/01/21 5:12:51 WET [2025/01/21 0:12:51 ET]
Table 'Wei III' 6-max Seat #5 is the button
Seat 1: B1GBankroll ($107.50 in chips) is sitting out
Seat 3: vanko 555 ($90 in chips) 
Seat 4: blistein ($100 in chips) 
Seat 5: ptolejmus ($19.95 in chips) 
Seat 6: ponchua ($131.23 in chips) 
ponchua: posts small blind $0.50
B1GBankroll: is sitting out 
vanko 555: posts big blind $1
*** HOLE CARDS ***
B1GBankroll leaves the table
blistein: folds 
ptolejmus: folds 
ponchua: raises $2 to $3
vanko 555: raises $12 to $15
ponchua: folds 
Uncalled bet ($12) returned to vanko 555
vanko 555 collected $6 from pot
vanko 555: doesn't show hand 
*** SUMMARY ***
Total pot $6 | Rake $0 
Seat 1: B1GBankroll
Seat 3: vanko 555 (big blind) collected ($6)
Seat 4: blistein folded before Flop (didn't bet)
Seat 5: ptolejmus (button) folded before Flop (didn't bet)
Seat 6: ponchua (small blind) folded before Flop



PokerStars Hand #254480471673:  Hold'em No Limit ($0.50/$1.00 USD) - 2025/01/21 5:13:16 WET [2025/01/21 0:13:16 ET]
Table 'Wei III' 6-max Seat #6 is the button
Seat 3: vanko 555 ($93 in chips) 
Seat 4: blistein ($100 in chips) 
Seat 5: ptolejmus ($19.95 in chips) 
Seat 6: ponchua ($128.23 in chips) 
vanko 555: posts small blind $0.50
blistein: posts big blind $1
*** HOLE CARDS ***
ptolejmus: folds 
ponchua: raises $1.50 to $2.50
vanko 555: folds 
blistein: folds 
Uncalled bet ($1.50) returned to ponchua
ponchua collected $2.50 from pot
ponchua: doesn't show hand 
*** SUMMARY ***
Total pot $2.50 | Rake $0 
Seat 3: vanko 555 (small blind) folded before Flop
Seat 4: blistein (big blind) folded before Flop
Seat 5: ptolejmus folded before Flop (didn't bet)
Seat 6: ponchua (button) collected ($2.50)



PokerStars Hand #254480472733:  Hold'em No Limit ($0.50/$1.00 USD) - 2025/01/21 5:13:29 WET [2025/01/21 0:13:29 ET]
Table 'Wei III' 6-max Seat #3 is the button
Seat 3: vanko 555 ($92.50 in chips) 
Seat 4: blistein ($100 in chips) 
Seat 5: ptolejmus ($19.95 in chips) 
Seat 6: ponchua ($129.73 in chips) 
blistein: posts small blind $0.50
ptolejmus: posts big blind $1
*** HOLE CARDS ***
ponchua: folds 
vanko 555: folds 
blistein: raises $1 to $2
ptolejmus: raises $2.50 to $4.50
blistein: folds 
Uncalled bet ($2.50) returned to ptolejmus
ptolejmus collected $4 from pot
*** SUMMARY ***
Total pot $4 | Rake $0 
Seat 3: vanko 555 (button) folded before Flop (didn't bet)
Seat 4: blistein (small blind) folded before Flop
Seat 5: ptolejmus (big blind) collected ($4)
Seat 6: ponchua folded before Flop (didn't bet)



PokerStars Hand #254480483850:  Hold'em No Limit ($0.50/$1.00 USD) - 2025/01/21 5:15:48 WET [2025/01/21 0:15:48 ET]
Table 'Wei III' 6-max Seat #6 is the button
Seat 3: vanko 555 ($106.31 in chips) 
Seat 5: ptolejmus ($21.45 in chips) 
Seat 6: ponchua ($114.91 in chips) 
vanko 555: posts small blind $0.50
ptolejmus: posts big blind $1
*** HOLE CARDS ***
ponchua: folds 
vanko 555: calls $0.50
ptolejmus: checks 
*** FLOP *** [Kd 9d 7s]
vanko 555: checks 
ptolejmus: bets $1
vanko 555: folds 
Uncalled bet ($1) returned to ptolejmus
ptolejmus collected $1.90 from pot
*** SUMMARY ***
Total pot $2 | Rake $0.10 
Board [Kd 9d 7s]
Seat 3: vanko 555 (small blind) folded on the Flop
Seat 5: ptolejmus (big blind) collected ($1.90)
Seat 6: ponchua (button) folded before Flop (didn't bet)



PokerStars Hand #254480486047:  Hold'em No Limit ($0.50/$1.00 USD) - 2025/01/21 5:16:14 WET [2025/01/21 0:16:14 ET]
Table 'Wei III' 6-max Seat #3 is the button
Seat 3: vanko 555 ($105.31 in chips) 
Seat 5: ptolejmus ($22.35 in chips) 
Seat 6: ponchua ($114.91 in chips) 
ptolejmus: posts small blind $0.50
ponchua: posts big blind $1
*** HOLE CARDS ***
vanko 555: folds 
ptolejmus: raises $21.35 to $22.35 and is all-in
ponchua: folds 
Uncalled bet ($21.35) returned to ptolejmus
ptolejmus collected $2 from pot
*** SUMMARY ***
Total pot $2 | Rake $0 
Seat 3: vanko 555 (button) folded before Flop (didn't bet)
Seat 5: ptolejmus (small blind) collected ($2)
Seat 6: ponchua (big blind) folded before Flop



PokerStars Hand #254480487958:  Hold'em No Limit ($0.50/$1.00 USD) - 2025/01/21 5:16:37 WET [2025/01/21 0:16:37 ET]
Table 'Wei III' 6-max Seat #5 is the button
Seat 3: vanko 555 ($105.31 in chips) 
Seat 5: ptolejmus ($23.35 in chips) 
Seat 6: ponchua ($113.91 in chips) 
ponchua: posts small blind $0.50
vanko 555: posts big blind $1
*** HOLE CARDS ***
ptolejmus: folds 
ptolejmus leaves the table
ponchua: raises $2 to $3
vanko 555: calls $2
*** FLOP *** [8c 3s 8h]
ponchua: checks 
vanko 555: checks 
*** TURN *** [8c 3s 8h] [Ts]
ponchua: checks 
vanko 555: checks 
*** RIVER *** [8c 3s 8h Ts] [6c]
ponchua: checks 
vanko 555: checks 
*** SHOW DOWN ***
ponchua: shows [As 7s] (a pair of Eights)
vanko 555: mucks hand 
ponchua collected $5.70 from pot
*** SUMMARY ***
Total pot $6 | Rake $0.30 
Board [8c 3s 8h Ts 6c]
Seat 3: vanko 555 (big blind) mucked
Seat 5: ptolejmus (button) folded before Flop (didn't bet)
Seat 6: ponchua (small blind) showed [As 7s] and won ($5.70) with a pair of Eights



PokerStars Hand #254480491338:  Hold'em No Limit ($0.50/$1.00 USD) - 2025/01/21 5:17:20 WET [2025/01/21 0:17:20 ET]
Table 'Wei III' 6-max Seat #3 is the button
Seat 3: vanko 555 ($102.31 in chips) 
Seat 6: ponchua ($116.61 in chips) 
vanko 555: posts small blind $0.50
ponchua: posts big blind $1
*** HOLE CARDS ***
vanko 555: folds 
Uncalled bet ($0.50) returned to ponchua
ponchua collected $1 from pot
ponchua: doesn't show hand 
*** SUMMARY ***
Total pot $1 | Rake $0 
Seat 3: vanko 555 (button) (small blind) folded before Flop
Seat 6: ponchua (big blind) collected ($1)



PokerStars Hand #254480491846:  Hold'em No Limit ($0.50/$1.00 USD) - 2025/01/21 5:17:27 WET [2025/01/21 0:17:27 ET]
Table 'Wei III' 6-max Seat #6 is the button
Seat 3: vanko 555 ($101.81 in chips) 
Seat 6: ponchua ($117.11 in chips) 
ponchua: posts small blind $0.50
vanko 555: posts big blind $1
*** HOLE CARDS ***
ponchua: folds 
Uncalled bet ($0.50) returned to vanko 555
vanko 555 collected $1 from pot
vanko 555: doesn't show hand 
*** SUMMARY ***
Total pot $1 | Rake $0 
Seat 3: vanko 555 (big blind) collected ($1)
Seat 6: ponchua (button) (small blind) folded before Flop



PokerStars Hand #254480492471:  Hold'em No Limit ($0.50/$1.00 USD) - 2025/01/21 5:17:35 WET [2025/01/21 0:17:35 ET]
Table 'Wei III' 6-max Seat #3 is the button
Seat 3: vanko 555 ($102.31 in chips) 
Seat 6: ponchua ($116.61 in chips) 
vanko 555: posts small blind $0.50
ponchua: posts big blind $1
*** HOLE CARDS ***
vanko 555: folds 
Uncalled bet ($0.50) returned to ponchua
ponchua collected $1 from pot
ponchua: doesn't show hand 
*** SUMMARY ***
Total pot $1 | Rake $0 
Seat 3: vanko 555 (button) (small blind) folded before Flop
Seat 6: ponchua (big blind) collected ($1)



PokerStars Hand #254480493268:  Hold'em No Limit ($0.50/$1.00 USD) - 2025/01/21 5:17:44 WET [2025/01/21 0:17:44 ET]
Table 'Wei III' 6-max Seat #6 is the button
Seat 3: vanko 555 ($101.81 in chips) 
Seat 6: ponchua ($117.11 in chips) 
ponchua: posts small blind $0.50
vanko 555: posts big blind $1
*** HOLE CARDS ***
ponchua: folds 
Uncalled bet ($0.50) returned to vanko 555
vanko 555 collected $1 from pot
vanko 555: doesn't show hand 
*** SUMMARY ***
Total pot $1 | Rake $0 
Seat 3: vanko 555 (big blind) collected ($1)
Seat 6: ponchua (button) (small blind) folded before Flop



