PokerStars Hand #254494742181:  Hold'em No Limit ($0.50/$1.00 USD) - 2025/01/21 3:36:52 WET [2025/01/21 22:36:52 ET]
Table 'Handahl III' 6-max Seat #6 is the button
Seat 3: 50CandyJoe ($101.50 in chips) 
Seat 6: vezis3 ($101 in chips) 
vezis3: posts small blind $0.50
50CandyJoe: posts big blind $1
*** HOLE CARDS ***
vezis3: raises $1 to $2
50CandyJoe: calls $1
*** FLOP *** [As 5h 9c]
50CandyJoe: checks 
vezis3: checks 
*** TURN *** [As 5h 9c] [Jd]
50CandyJoe: checks 
vezis3: checks 
*** RIVER *** [As 5h 9c Jd] [Qd]
50CandyJoe: bets $5.13
vezis3: folds 
Uncalled bet ($5.13) returned to 50CandyJoe
50CandyJoe collected $3.80 from pot
50CandyJoe: doesn't show hand 
*** SUMMARY ***
Total pot $4 | Rake $0.20 
Board [As 5h 9c Jd Qd]
Seat 3: 50CandyJoe (big blind) collected ($3.80)
Seat 6: vezis3 (button) (small blind) folded on the River



PokerStars Hand #254494747600:  Hold'em No Limit ($0.50/$1.00 USD) - 2025/01/21 3:37:38 WET [2025/01/21 22:37:38 ET]
Table 'Handahl III' 6-max Seat #3 is the button
Seat 3: 50CandyJoe ($103.30 in chips) 
Seat 6: vezis3 ($100 in chips) 
50CandyJoe: posts small blind $0.50
vezis3: posts big blind $1
*** HOLE CARDS ***
50CandyJoe: calls $0.50
vezis3: checks 
*** FLOP *** [Ac Kc 3h]
vezis3: bets $1
50CandyJoe: folds 
Uncalled bet ($1) returned to vezis3
vezis3 collected $1.90 from pot
vezis3: doesn't show hand 
*** SUMMARY ***
Total pot $2 | Rake $0.10 
Board [Ac Kc 3h]
Seat 3: 50CandyJoe (button) (small blind) folded on the Flop
Seat 6: vezis3 (big blind) collected ($1.90)



PokerStars Hand #254494749465:  Hold'em No Limit ($0.50/$1.00 USD) - 2025/01/21 3:37:54 WET [2025/01/21 22:37:54 ET]
Table 'Handahl III' 6-max Seat #6 is the button
Seat 3: 50CandyJoe ($102.30 in chips) 
Seat 6: vezis3 ($100.90 in chips) 
vezis3: posts small blind $0.50
50CandyJoe: posts big blind $1
*** HOLE CARDS ***
vezis3: raises $1 to $2
50CandyJoe: calls $1
*** FLOP *** [Ah Js 5d]
50CandyJoe: checks 
vezis3: checks 
*** TURN *** [Ah Js 5d] [Kd]
50CandyJoe: checks 
vezis3: checks 
*** RIVER *** [Ah Js 5d Kd] [4s]
50CandyJoe: checks 
vezis3: bets $4.18
50CandyJoe: folds 
Uncalled bet ($4.18) returned to vezis3
vezis3 collected $3.80 from pot
vezis3: doesn't show hand 
*** SUMMARY ***
Total pot $4 | Rake $0.20 
Board [Ah Js 5d Kd 4s]
Seat 3: 50CandyJoe (big blind) folded on the River
Seat 6: vezis3 (button) (small blind) collected ($3.80)



PokerStars Hand #254494755337:  Hold'em No Limit ($0.50/$1.00 USD) - 2025/01/21 3:38:43 WET [2025/01/21 22:38:43 ET]
Table 'Handahl III' 6-max Seat #3 is the button
Seat 3: 50CandyJoe ($100.30 in chips) 
Seat 6: vezis3 ($102.70 in chips) 
50CandyJoe: posts small blind $0.50
vezis3: posts big blind $1
*** HOLE CARDS ***
50CandyJoe: calls $0.50
vezis3: raises $3 to $4
50CandyJoe: folds 
Uncalled bet ($3) returned to vezis3
vezis3 collected $2 from pot
vezis3: doesn't show hand 
*** SUMMARY ***
Total pot $2 | Rake $0 
Seat 3: 50CandyJoe (button) (small blind) folded before Flop
Seat 6: vezis3 (big blind) collected ($2)



PokerStars Hand #254494756729:  Hold'em No Limit ($0.50/$1.00 USD) - 2025/01/21 3:38:55 WET [2025/01/21 22:38:55 ET]
Table 'Handahl III' 6-max Seat #6 is the button
Seat 3: 50CandyJoe ($100 in chips) 
Seat 6: vezis3 ($103.70 in chips) 
vezis3: posts small blind $0.50
50CandyJoe: posts big blind $1
*** HOLE CARDS ***
vezis3: raises $1 to $2
50CandyJoe: calls $1
*** FLOP *** [Kc Kh 4h]
50CandyJoe: checks 
vezis3: bets $1.25
50CandyJoe: folds 
Uncalled bet ($1.25) returned to vezis3
vezis3 collected $3.80 from pot
vezis3: doesn't show hand 
*** SUMMARY ***
Total pot $4 | Rake $0.20 
Board [Kc Kh 4h]
Seat 3: 50CandyJoe (big blind) folded on the Flop
Seat 6: vezis3 (button) (small blind) collected ($3.80)



PokerStars Hand #254494758517:  Hold'em No Limit ($0.50/$1.00 USD) - 2025/01/21 3:39:10 WET [2025/01/21 22:39:10 ET]
Table 'Handahl III' 6-max Seat #3 is the button
Seat 3: 50CandyJoe ($100 in chips) 
Seat 6: vezis3 ($105.50 in chips) 
50CandyJoe: posts small blind $0.50
vezis3: posts big blind $1
*** HOLE CARDS ***
50CandyJoe: calls $0.50
vezis3: checks 
*** FLOP *** [Qs 4s 4h]
vezis3: checks 
50CandyJoe: checks 
*** TURN *** [Qs 4s 4h] [9s]
vezis3: checks 
50CandyJoe: checks 
*** RIVER *** [Qs 4s 4h 9s] [6s]
vezis3: checks 
50CandyJoe: checks 
*** SHOW DOWN ***
vezis3: shows [8h 7c] (a pair of Fours)
50CandyJoe: shows [Kh 8d] (a pair of Fours - King kicker)
50CandyJoe collected $1.90 from pot
*** SUMMARY ***
Total pot $2 | Rake $0.10 
Board [Qs 4s 4h 9s 6s]
Seat 3: 50CandyJoe (button) (small blind) showed [Kh 8d] and won ($1.90) with a pair of Fours
Seat 6: vezis3 (big blind) showed [8h 7c] and lost with a pair of Fours



PokerStars Hand #254494761884:  Hold'em No Limit ($0.50/$1.00 USD) - 2025/01/21 3:39:39 WET [2025/01/21 22:39:39 ET]
Table 'Handahl III' 6-max Seat #6 is the button
Seat 3: 50CandyJoe ($100.90 in chips) 
Seat 6: vezis3 ($104.50 in chips) 
vezis3: posts small blind $0.50
50CandyJoe: posts big blind $1
*** HOLE CARDS ***
vezis3: raises $1 to $2
50CandyJoe: calls $1
*** FLOP *** [Ad 5c As]
50CandyJoe: checks 
vezis3: checks 
*** TURN *** [Ad 5c As] [Tc]
50CandyJoe: checks 
vezis3: checks 
*** RIVER *** [Ad 5c As Tc] [3s]
50CandyJoe: bets $1
vezis3: folds 
Uncalled bet ($1) returned to 50CandyJoe
50CandyJoe collected $3.80 from pot
50CandyJoe: doesn't show hand 
*** SUMMARY ***
Total pot $4 | Rake $0.20 
Board [Ad 5c As Tc 3s]
Seat 3: 50CandyJoe (big blind) collected ($3.80)
Seat 6: vezis3 (button) (small blind) folded on the River



PokerStars Hand #254494766025:  Hold'em No Limit ($0.50/$1.00 USD) - 2025/01/21 3:40:14 WET [2025/01/21 22:40:14 ET]
Table 'Handahl III' 6-max Seat #3 is the button
Seat 3: 50CandyJoe ($102.70 in chips) 
Seat 6: vezis3 ($102.50 in chips) 
50CandyJoe: posts small blind $0.50
vezis3: posts big blind $1
*** HOLE CARDS ***
50CandyJoe: calls $0.50
vezis3: checks 
*** FLOP *** [7h 6c 4s]
vezis3: checks 
50CandyJoe: checks 
*** TURN *** [7h 6c 4s] [7d]
vezis3: bets $1
50CandyJoe: calls $1
*** RIVER *** [7h 6c 4s 7d] [7s]
vezis3: bets $4.18
50CandyJoe: calls $4.18
*** SHOW DOWN ***
vezis3: shows [9d 4h] (a full house, Sevens full of Fours)
50CandyJoe: shows [5s 6d] (a full house, Sevens full of Sixes)
50CandyJoe collected $11.74 from pot
*** SUMMARY ***
Total pot $12.36 | Rake $0.62 
Board [7h 6c 4s 7d 7s]
Seat 3: 50CandyJoe (button) (small blind) showed [5s 6d] and won ($11.74) with a full house, Sevens full of Sixes
Seat 6: vezis3 (big blind) showed [9d 4h] and lost with a full house, Sevens full of Fours



