PokerStars Hand #254481304040:  Hold'em No Limit ($0.50/$1.00 USD) - 2025/01/21 8:31:27 WET [2025/01/21 3:31:27 ET]
Table 'Gotz III' 6-max Seat #1 is the button
Seat 1: Slami4 ($100 in chips) 
Seat 2: antey89 ($80 in chips) 
Seat 3: KarP93 ($100 in chips) 
Seat 4: gukii ($40 in chips) 
Seat 5: steelNike ($40 in chips) 
Seat 6: 3EBC96 ($100 in chips) 
antey89: posts small blind $0.50
KarP93: posts big blind $1
*** HOLE CARDS ***
gukii: calls $1
steelNike: folds 
3EBC96: raises $2.50 to $3.50
Slami4: folds 
antey89: folds 
KarP93: raises $10 to $13.50
gukii: raises $10 to $23.50
3EBC96: calls $20
KarP93: folds 
*** FLOP *** [Qs 8h Qh]
gukii: checks 
3EBC96: bets $76.50 and is all-in
gukii: calls $16.50 and is all-in
Uncalled bet ($60) returned to 3EBC96
*** TURN *** [Qs 8h Qh] [5c]
*** RIVER *** [Qs 8h Qh 5c] [2h]
*** SHOW DOWN ***
gukii: shows [Ah Qd] (three of a kind, Queens)
3EBC96: shows [Ad Ac] (two pair, Aces and Queens)
gukii collected $91.50 from pot
*** SUMMARY ***
Total pot $94 | Rake $2.50 
Board [Qs 8h Qh 5c 2h]
Seat 1: Slami4 (button) folded before Flop (didn't bet)
Seat 2: antey89 (small blind) folded before Flop
Seat 3: KarP93 (big blind) folded before Flop
Seat 4: gukii showed [Ah Qd] and won ($91.50) with three of a kind, Queens
Seat 5: steelNike folded before Flop (didn't bet)
Seat 6: 3EBC96 showed [Ad Ac] and lost with two pair, Aces and Queens



PokerStars Hand #254481311372:  Hold'em No Limit ($0.50/$1.00 USD) - 2025/01/21 8:33:05 WET [2025/01/21 3:33:05 ET]
Table 'Gotz III' 6-max Seat #2 is the button
Seat 1: Slami4 ($100 in chips) 
Seat 2: antey89 ($100 in chips) 
Seat 3: KarP93 ($100 in chips) 
Seat 4: gukii ($91.50 in chips) 
Seat 5: steelNike ($40 in chips) 
Seat 6: 3EBC96 ($100 in chips) 
KarP93: posts small blind $0.50
gukii: posts big blind $1
*** HOLE CARDS ***
steelNike: folds 
3EBC96: folds 
Slami4: folds 
antey89: folds 
KarP93: folds 
Uncalled bet ($0.50) returned to gukii
gukii collected $1 from pot
*** SUMMARY ***
Total pot $1 | Rake $0 
Seat 1: Slami4 folded before Flop (didn't bet)
Seat 2: antey89 (button) folded before Flop (didn't bet)
Seat 3: KarP93 (small blind) folded before Flop
Seat 4: gukii (big blind) collected ($1)
Seat 5: steelNike folded before Flop (didn't bet)
Seat 6: 3EBC96 folded before Flop (didn't bet)



PokerStars Hand #254481313915:  Hold'em No Limit ($0.50/$1.00 USD) - 2025/01/21 8:33:39 WET [2025/01/21 3:33:39 ET]
Table 'Gotz III' 6-max Seat #3 is the button
Seat 1: Slami4 ($100 in chips) 
Seat 2: antey89 ($100 in chips) 
Seat 3: KarP93 ($100 in chips) 
Seat 4: gukii ($92 in chips) 
Seat 5: steelNike ($100 in chips) 
Seat 6: 3EBC96 ($100 in chips) 
gukii: posts small blind $0.50
steelNike: posts big blind $1
*** HOLE CARDS ***
3EBC96: folds 
Slami4: folds 
antey89: folds 
KarP93: folds 
gukii: calls $0.50
steelNike: checks 
*** FLOP *** [8s 2c 5d]
gukii: checks 
steelNike: checks 
*** TURN *** [8s 2c 5d] [Kh]
gukii: bets $1
steelNike: folds 
Uncalled bet ($1) returned to gukii
gukii collected $1.90 from pot
*** SUMMARY ***
Total pot $2 | Rake $0.10 
Board [8s 2c 5d Kh]
Seat 1: Slami4 folded before Flop (didn't bet)
Seat 2: antey89 folded before Flop (didn't bet)
Seat 3: KarP93 (button) folded before Flop (didn't bet)
Seat 4: gukii (small blind) collected ($1.90)
Seat 5: steelNike (big blind) folded on the Turn
Seat 6: 3EBC96 folded before Flop (didn't bet)



PokerStars Hand #254481317598:  Hold'em No Limit ($0.50/$1.00 USD) - 2025/01/21 8:34:29 WET [2025/01/21 3:34:29 ET]
Table 'Gotz III' 6-max Seat #4 is the button
Seat 1: Slami4 ($100 in chips) 
Seat 2: antey89 ($100 in chips) 
Seat 3: KarP93 ($100 in chips) 
Seat 4: gukii ($92.90 in chips) 
Seat 5: steelNike ($99 in chips) 
Seat 6: 3EBC96 ($100 in chips) 
steelNike: posts small blind $0.50
3EBC96: posts big blind $1
*** HOLE CARDS ***
Slami4: raises $1.50 to $2.50
antey89: folds 
KarP93: folds 
gukii: calls $2.50
steelNike: folds 
3EBC96: calls $1.50
*** FLOP *** [Kc Qh 8d]
3EBC96: checks 
Slami4: bets $3.51
gukii: folds 
3EBC96: calls $3.51
*** TURN *** [Kc Qh 8d] [2d]
3EBC96: checks 
Slami4: bets $9.70
3EBC96: folds 
Uncalled bet ($9.70) returned to Slami4
Slami4 collected $14.27 from pot
Slami4: doesn't show hand 
*** SUMMARY ***
Total pot $15.02 | Rake $0.75 
Board [Kc Qh 8d 2d]
Seat 1: Slami4 collected ($14.27)
Seat 2: antey89 folded before Flop (didn't bet)
Seat 3: KarP93 folded before Flop (didn't bet)
Seat 4: gukii (button) folded on the Flop
Seat 5: steelNike (small blind) folded before Flop
Seat 6: 3EBC96 (big blind) folded on the Turn



PokerStars Hand #254481323961:  Hold'em No Limit ($0.50/$1.00 USD) - 2025/01/21 8:35:51 WET [2025/01/21 3:35:51 ET]
Table 'Gotz III' 6-max Seat #5 is the button
Seat 1: Slami4 ($108.26 in chips) 
Seat 2: antey89 ($100 in chips) 
Seat 3: KarP93 ($100 in chips) 
Seat 4: gukii ($90.40 in chips) 
Seat 5: steelNike ($98.50 in chips) 
Seat 6: 3EBC96 ($100 in chips) 
3EBC96: posts small blind $0.50
Slami4: posts big blind $1
*** HOLE CARDS ***
antey89: folds 
KarP93: folds 
gukii: calls $1
steelNike: folds 
3EBC96: calls $0.50
Slami4: checks 
*** FLOP *** [7d 5h Jd]
3EBC96: checks 
Slami4: checks 
gukii: checks 
*** TURN *** [7d 5h Jd] [8c]
3EBC96: bets $2.14
Slami4: folds 
gukii: calls $2.14
*** RIVER *** [7d 5h Jd 8c] [2c]
3EBC96: bets $8.30
gukii: raises $25.70 to $34
3EBC96: folds 
Uncalled bet ($25.70) returned to gukii
gukii collected $22.69 from pot
*** SUMMARY ***
Total pot $23.88 | Rake $1.19 
Board [7d 5h Jd 8c 2c]
Seat 1: Slami4 (big blind) folded on the Turn
Seat 2: antey89 folded before Flop (didn't bet)
Seat 3: KarP93 folded before Flop (didn't bet)
Seat 4: gukii collected ($22.69)
Seat 5: steelNike (button) folded before Flop (didn't bet)
Seat 6: 3EBC96 (small blind) folded on the River



PokerStars Hand #254481330144:  Hold'em No Limit ($0.50/$1.00 USD) - 2025/01/21 8:37:09 WET [2025/01/21 3:37:09 ET]
Table 'Gotz III' 6-max Seat #6 is the button
Seat 1: Slami4 ($107.26 in chips) 
Seat 2: antey89 ($100 in chips) 
Seat 3: KarP93 ($100 in chips) 
Seat 4: gukii ($101.65 in chips) 
Seat 5: steelNike ($98.50 in chips) 
Seat 6: 3EBC96 ($100 in chips) 
Slami4: posts small blind $0.50
antey89: posts big blind $1
*** HOLE CARDS ***
KarP93: folds 
gukii: raises $6 to $7
steelNike: folds 
3EBC96: folds 
Slami4: folds 
antey89: folds 
Uncalled bet ($6) returned to gukii
gukii collected $2.50 from pot
*** SUMMARY ***
Total pot $2.50 | Rake $0 
Seat 1: Slami4 (small blind) folded before Flop
Seat 2: antey89 (big blind) folded before Flop
Seat 3: KarP93 folded before Flop (didn't bet)
Seat 4: gukii collected ($2.50)
Seat 5: steelNike folded before Flop (didn't bet)
Seat 6: 3EBC96 (button) folded before Flop (didn't bet)



PokerStars Hand #254481332175:  Hold'em No Limit ($0.50/$1.00 USD) - 2025/01/21 8:37:35 WET [2025/01/21 3:37:35 ET]
Table 'Gotz III' 6-max Seat #1 is the button
Seat 1: Slami4 ($106.76 in chips) 
Seat 2: antey89 ($100 in chips) 
Seat 3: KarP93 ($100 in chips) 
Seat 4: gukii ($103.15 in chips) 
Seat 5: steelNike ($98.50 in chips) 
Seat 6: 3EBC96 ($100 in chips) 
antey89: posts small blind $0.50
KarP93: posts big blind $1
*** HOLE CARDS ***
gukii: calls $1
steelNike: folds 
3EBC96: folds 
Slami4: folds 
antey89: folds 
KarP93: checks 
*** FLOP *** [Td 4c 4s]
KarP93: checks 
gukii: checks 
*** TURN *** [Td 4c 4s] [8d]
KarP93: checks 
gukii: bets $2.38
KarP93: folds 
Uncalled bet ($2.38) returned to gukii
gukii collected $2.38 from pot
*** SUMMARY ***
Total pot $2.50 | Rake $0.12 
Board [Td 4c 4s 8d]
Seat 1: Slami4 (button) folded before Flop (didn't bet)
Seat 2: antey89 (small blind) folded before Flop
Seat 3: KarP93 (big blind) folded on the Turn
Seat 4: gukii collected ($2.38)
Seat 5: steelNike folded before Flop (didn't bet)
Seat 6: 3EBC96 folded before Flop (didn't bet)



PokerStars Hand #254481335105:  Hold'em No Limit ($0.50/$1.00 USD) - 2025/01/21 8:38:12 WET [2025/01/21 3:38:12 ET]
Table 'Gotz III' 6-max Seat #2 is the button
Seat 1: Slami4 ($106.76 in chips) 
Seat 2: antey89 ($100 in chips) 
Seat 3: KarP93 ($100 in chips) 
Seat 4: gukii ($104.53 in chips) 
Seat 5: steelNike ($98.50 in chips) 
Seat 6: 3EBC96 ($100 in chips) 
KarP93: posts small blind $0.50
gukii: posts big blind $1
*** HOLE CARDS ***
steelNike: folds 
3EBC96: folds 
Slami4: folds 
antey89: raises $1.60 to $2.60
KarP93: folds 
gukii: calls $1.60
*** FLOP *** [8d 2s 4h]
gukii is connected 
gukii: checks 
antey89: bets $1.79
gukii: calls $1.79
*** TURN *** [8d 2s 4h] [3d]
gukii: checks 
antey89: checks 
*** RIVER *** [8d 2s 4h 3d] [5h]
gukii: bets $8.82
antey89: folds 
Uncalled bet ($8.82) returned to gukii
gukii collected $8.82 from pot
*** SUMMARY ***
Total pot $9.28 | Rake $0.46 
Board [8d 2s 4h 3d 5h]
Seat 1: Slami4 folded before Flop (didn't bet)
Seat 2: antey89 (button) folded on the River
Seat 3: KarP93 (small blind) folded before Flop
Seat 4: gukii (big blind) collected ($8.82)
Seat 5: steelNike folded before Flop (didn't bet)
Seat 6: 3EBC96 folded before Flop (didn't bet)



PokerStars Hand #254481340829:  Hold'em No Limit ($0.50/$1.00 USD) - 2025/01/21 8:39:27 WET [2025/01/21 3:39:27 ET]
Table 'Gotz III' 6-max Seat #3 is the button
Seat 1: Slami4 ($106.76 in chips) 
Seat 2: antey89 ($100 in chips) 
Seat 3: KarP93 ($100 in chips) 
Seat 4: gukii ($108.96 in chips) 
Seat 5: steelNike ($100 in chips) 
Seat 6: 3EBC96 ($100 in chips) 
gukii: posts small blind $0.50
steelNike: posts big blind $1
*** HOLE CARDS ***
3EBC96: folds 
Slami4: folds 
antey89: raises $1.30 to $2.30
KarP93: calls $2.30
gukii: calls $1.80
steelNike: raises $13.70 to $16
antey89 has timed out
antey89: folds 
KarP93: folds 
gukii: folds 
Uncalled bet ($13.70) returned to steelNike
steelNike collected $9.20 from pot
*** SUMMARY ***
Total pot $9.20 | Rake $0 
Seat 1: Slami4 folded before Flop (didn't bet)
Seat 2: antey89 folded before Flop
Seat 3: KarP93 (button) folded before Flop
Seat 4: gukii (small blind) folded before Flop
Seat 5: steelNike (big blind) collected ($9.20)
Seat 6: 3EBC96 folded before Flop (didn't bet)



PokerStars Hand #254481345212:  Hold'em No Limit ($0.50/$1.00 USD) - 2025/01/21 8:40:24 WET [2025/01/21 3:40:24 ET]
Table 'Gotz III' 6-max Seat #4 is the button
Seat 1: Slami4 ($106.76 in chips) 
Seat 2: antey89 ($100 in chips) 
Seat 3: KarP93 ($100 in chips) 
Seat 4: gukii ($106.66 in chips) 
Seat 5: steelNike ($106.90 in chips) 
Seat 6: 3EBC96 ($100 in chips) 
steelNike: posts small blind $0.50
3EBC96: posts big blind $1
*** HOLE CARDS ***
Slami4: folds 
antey89: folds 
KarP93: raises $1.50 to $2.50
gukii: folds 
steelNike: folds 
3EBC96: folds 
Uncalled bet ($1.50) returned to KarP93
KarP93 collected $2.50 from pot
KarP93: doesn't show hand 
*** SUMMARY ***
Total pot $2.50 | Rake $0 
Seat 1: Slami4 folded before Flop (didn't bet)
Seat 2: antey89 folded before Flop (didn't bet)
Seat 3: KarP93 collected ($2.50)
Seat 4: gukii (button) folded before Flop (didn't bet)
Seat 5: steelNike (small blind) folded before Flop
Seat 6: 3EBC96 (big blind) folded before Flop



PokerStars Hand #254481346455:  Hold'em No Limit ($0.50/$1.00 USD) - 2025/01/21 8:40:40 WET [2025/01/21 3:40:40 ET]
Table 'Gotz III' 6-max Seat #5 is the button
Seat 1: Slami4 ($106.76 in chips) 
Seat 2: antey89 ($100 in chips) 
Seat 3: KarP93 ($101.50 in chips) 
Seat 4: gukii ($106.66 in chips) 
Seat 5: steelNike ($106.40 in chips) 
Seat 6: 3EBC96 ($100 in chips) 
3EBC96: posts small blind $0.50
Slami4: posts big blind $1
*** HOLE CARDS ***
antey89: folds 
KarP93: folds 
gukii: calls $1
steelNike: folds 
3EBC96: folds 
Slami4: checks 
*** FLOP *** [6s Qc 5c]
Slami4: bets $1.57
gukii: calls $1.57
*** TURN *** [6s Qc 5c] [9d]
Slami4: bets $3.54
gukii: calls $3.54
*** RIVER *** [6s Qc 5c 9d] [4c]
Slami4: bets $6.50
gukii: folds 
Uncalled bet ($6.50) returned to Slami4
Slami4 collected $12.08 from pot
Slami4: doesn't show hand 
*** SUMMARY ***
Total pot $12.72 | Rake $0.64 
Board [6s Qc 5c 9d 4c]
Seat 1: Slami4 (big blind) collected ($12.08)
Seat 2: antey89 folded before Flop (didn't bet)
Seat 3: KarP93 folded before Flop (didn't bet)
Seat 4: gukii folded on the River
Seat 5: steelNike (button) folded before Flop (didn't bet)
Seat 6: 3EBC96 (small blind) folded before Flop



PokerStars Hand #254481350109:  Hold'em No Limit ($0.50/$1.00 USD) - 2025/01/21 8:41:29 WET [2025/01/21 3:41:29 ET]
Table 'Gotz III' 6-max Seat #6 is the button
Seat 1: Slami4 ($112.73 in chips) 
Seat 2: antey89 ($100 in chips) 
Seat 3: KarP93 ($101.50 in chips) 
Seat 4: gukii ($100.55 in chips) 
Seat 5: steelNike ($106.40 in chips) 
Seat 6: 3EBC96 ($100 in chips) 
Slami4: posts small blind $0.50
antey89: posts big blind $1
*** HOLE CARDS ***
KarP93: raises $1.50 to $2.50
gukii: folds 
steelNike: folds 
3EBC96: folds 
Slami4: raises $8.50 to $11
antey89: folds 
KarP93: folds 
Uncalled bet ($8.50) returned to Slami4
Slami4 collected $6 from pot
Slami4: doesn't show hand 
*** SUMMARY ***
Total pot $6 | Rake $0 
Seat 1: Slami4 (small blind) collected ($6)
Seat 2: antey89 (big blind) folded before Flop
Seat 3: KarP93 folded before Flop
Seat 4: gukii folded before Flop (didn't bet)
Seat 5: steelNike folded before Flop (didn't bet)
Seat 6: 3EBC96 (button) folded before Flop (didn't bet)



PokerStars Hand #254481352986:  Hold'em No Limit ($0.50/$1.00 USD) - 2025/01/21 8:42:05 WET [2025/01/21 3:42:05 ET]
Table 'Gotz III' 6-max Seat #1 is the button
Seat 1: Slami4 ($116.23 in chips) 
Seat 2: antey89 ($100 in chips) 
Seat 3: KarP93 ($100 in chips) 
Seat 4: gukii ($100.55 in chips) 
Seat 5: steelNike ($106.40 in chips) 
Seat 6: 3EBC96 ($100 in chips) 
antey89: posts small blind $0.50
KarP93: posts big blind $1
*** HOLE CARDS ***
gukii: folds 
steelNike: folds 
3EBC96: folds 
Slami4: folds 
antey89: folds 
Uncalled bet ($0.50) returned to KarP93
KarP93 collected $1 from pot
KarP93: doesn't show hand 
*** SUMMARY ***
Total pot $1 | Rake $0 
Seat 1: Slami4 (button) folded before Flop (didn't bet)
Seat 2: antey89 (small blind) folded before Flop
Seat 3: KarP93 (big blind) collected ($1)
Seat 4: gukii folded before Flop (didn't bet)
Seat 5: steelNike folded before Flop (didn't bet)
Seat 6: 3EBC96 folded before Flop (didn't bet)



PokerStars Hand #254481353904:  Hold'em No Limit ($0.50/$1.00 USD) - 2025/01/21 8:42:17 WET [2025/01/21 3:42:17 ET]
Table 'Gotz III' 6-max Seat #2 is the button
Seat 1: Slami4 ($116.23 in chips) 
Seat 2: antey89 ($100 in chips) 
Seat 3: KarP93 ($100.50 in chips) 
Seat 4: gukii ($100.55 in chips) 
Seat 5: steelNike ($106.40 in chips) 
Seat 6: 3EBC96 ($100 in chips) 
KarP93: posts small blind $0.50
gukii: posts big blind $1
*** HOLE CARDS ***
steelNike: folds 
3EBC96: folds 
Slami4 has timed out
Slami4: folds 
antey89: raises $1.30 to $2.30
KarP93: raises $8.70 to $11
gukii: folds 
antey89: calls $8.70
*** FLOP *** [Ac 8s 7h]
KarP93: bets $7.21
antey89: folds 
Uncalled bet ($7.21) returned to KarP93
KarP93 collected $21.85 from pot
KarP93: doesn't show hand 
*** SUMMARY ***
Total pot $23 | Rake $1.15 
Board [Ac 8s 7h]
Seat 1: Slami4 folded before Flop (didn't bet)
Seat 2: antey89 (button) folded on the Flop
Seat 3: KarP93 (small blind) collected ($21.85)
Seat 4: gukii (big blind) folded before Flop
Seat 5: steelNike folded before Flop (didn't bet)
Seat 6: 3EBC96 folded before Flop (didn't bet)



PokerStars Hand #254481376572:  Hold'em No Limit ($0.50/$1.00 USD) - 2025/01/21 8:47:09 WET [2025/01/21 3:47:09 ET]
Table 'Gotz III' 6-max Seat #1 is the button
Seat 1: Slami4 ($114.73 in chips) 
Seat 2: antey89 ($100 in chips) 
Seat 3: KarP93 ($143.87 in chips) 
Seat 4: gukii ($76.43 in chips) 
Seat 5: steelNike ($94.40 in chips) 
Seat 6: 3EBC96 ($102.25 in chips) 
antey89: posts small blind $0.50
KarP93: posts big blind $1
*** HOLE CARDS ***
gukii: calls $1
steelNike: folds 
3EBC96: folds 
Slami4: folds 
antey89: folds 
KarP93: checks 
*** FLOP *** [7d 3s Tc]
KarP93: checks 
gukii: checks 
*** TURN *** [7d 3s Tc] [6c]
KarP93: bets $1
gukii: calls $1
*** RIVER *** [7d 3s Tc 6c] [3d]
KarP93: checks 
gukii: bets $6
KarP93: folds 
Uncalled bet ($6) returned to gukii
gukii collected $4.28 from pot
*** SUMMARY ***
Total pot $4.50 | Rake $0.22 
Board [7d 3s Tc 6c 3d]
Seat 1: Slami4 (button) folded before Flop (didn't bet)
Seat 2: antey89 (small blind) folded before Flop
Seat 3: KarP93 (big blind) folded on the River
Seat 4: gukii collected ($4.28)
Seat 5: steelNike folded before Flop (didn't bet)
Seat 6: 3EBC96 folded before Flop (didn't bet)



PokerStars Hand #254481381447:  Hold'em No Limit ($0.50/$1.00 USD) - 2025/01/21 8:48:12 WET [2025/01/21 3:48:12 ET]
Table 'Gotz III' 6-max Seat #2 is the button
Seat 1: Slami4 ($114.73 in chips) 
Seat 2: antey89 ($100 in chips) 
Seat 3: KarP93 ($141.87 in chips) 
Seat 4: gukii ($78.71 in chips) 
Seat 5: steelNike ($94.40 in chips) 
Seat 6: 3EBC96 ($102.25 in chips) 
KarP93: posts small blind $0.50
gukii: posts big blind $1
*** HOLE CARDS ***
steelNike: folds 
3EBC96: folds 
Slami4: folds 
antey89: raises $1.30 to $2.30
KarP93: folds 
gukii: calls $1.30
*** FLOP *** [Ad 9c 4d]
gukii: checks 
antey89: bets $2.66
gukii: folds 
Uncalled bet ($2.66) returned to antey89
antey89 collected $4.84 from pot
antey89: doesn't show hand 
*** SUMMARY ***
Total pot $5.10 | Rake $0.26 
Board [Ad 9c 4d]
Seat 1: Slami4 folded before Flop (didn't bet)
Seat 2: antey89 (button) collected ($4.84)
Seat 3: KarP93 (small blind) folded before Flop
Seat 4: gukii (big blind) folded on the Flop
Seat 5: steelNike folded before Flop (didn't bet)
Seat 6: 3EBC96 folded before Flop (didn't bet)



PokerStars Hand #254481383967:  Hold'em No Limit ($0.50/$1.00 USD) - 2025/01/21 8:48:45 WET [2025/01/21 3:48:45 ET]
Table 'Gotz III' 6-max Seat #3 is the button
Seat 1: Slami4 ($114.73 in chips) 
Seat 2: antey89 ($102.54 in chips) 
Seat 3: KarP93 ($141.37 in chips) 
Seat 4: gukii ($76.41 in chips) 
Seat 5: steelNike ($94.40 in chips) 
Seat 6: 3EBC96 ($102.25 in chips) 
gukii: posts small blind $0.50
steelNike: posts big blind $1
*** HOLE CARDS ***
3EBC96: folds 
Slami4: folds 
antey89: folds 
KarP93: raises $1.50 to $2.50
gukii: calls $2
steelNike: folds 
*** FLOP *** [6h 3s 8c]
gukii: checks 
KarP93: checks 
*** TURN *** [6h 3s 8c] [4d]
gukii: checks 
KarP93: bets $4.28
gukii: folds 
Uncalled bet ($4.28) returned to KarP93
KarP93 collected $5.70 from pot
KarP93: doesn't show hand 
*** SUMMARY ***
Total pot $6 | Rake $0.30 
Board [6h 3s 8c 4d]
Seat 1: Slami4 folded before Flop (didn't bet)
Seat 2: antey89 folded before Flop (didn't bet)
Seat 3: KarP93 (button) collected ($5.70)
Seat 4: gukii (small blind) folded on the Turn
Seat 5: steelNike (big blind) folded before Flop
Seat 6: 3EBC96 folded before Flop (didn't bet)



PokerStars Hand #254481387787:  Hold'em No Limit ($0.50/$1.00 USD) - 2025/01/21 8:49:35 WET [2025/01/21 3:49:35 ET]
Table 'Gotz III' 6-max Seat #4 is the button
Seat 1: Slami4 ($114.73 in chips) 
Seat 2: antey89 ($102.54 in chips) 
Seat 3: KarP93 ($144.57 in chips) 
Seat 4: gukii ($73.91 in chips) 
Seat 5: steelNike ($93.40 in chips) 
Seat 6: 3EBC96 ($102.25 in chips) 
steelNike: posts small blind $0.50
3EBC96: posts big blind $1
*** HOLE CARDS ***
Slami4: folds 
antey89: folds 
KarP93: folds 
gukii: calls $1
steelNike: calls $0.50
3EBC96: checks 
*** FLOP *** [Jd Qc 5h]
steelNike: checks 
3EBC96: checks 
gukii: bets $2.85
steelNike: folds 
3EBC96: folds 
Uncalled bet ($2.85) returned to gukii
gukii collected $2.85 from pot
*** SUMMARY ***
Total pot $3 | Rake $0.15 
Board [Jd Qc 5h]
Seat 1: Slami4 folded before Flop (didn't bet)
Seat 2: antey89 folded before Flop (didn't bet)
Seat 3: KarP93 folded before Flop (didn't bet)
Seat 4: gukii (button) collected ($2.85)
Seat 5: steelNike (small blind) folded on the Flop
Seat 6: 3EBC96 (big blind) folded on the Flop



PokerStars Hand #254481390348:  Hold'em No Limit ($0.50/$1.00 USD) - 2025/01/21 8:50:09 WET [2025/01/21 3:50:09 ET]
Table 'Gotz III' 6-max Seat #5 is the button
Seat 1: Slami4 ($114.73 in chips) 
Seat 2: antey89 ($102.54 in chips) 
Seat 3: KarP93 ($144.57 in chips) 
Seat 4: gukii ($75.76 in chips) 
Seat 5: steelNike ($92.40 in chips) 
Seat 6: 3EBC96 ($101.25 in chips) 
3EBC96: posts small blind $0.50
Slami4: posts big blind $1
*** HOLE CARDS ***
antey89: folds 
KarP93: raises $1.50 to $2.50
gukii: folds 
steelNike: folds 
3EBC96: folds 
Slami4: calls $1.50
*** FLOP *** [As 3s Qc]
Slami4: checks 
KarP93: checks 
*** TURN *** [As 3s Qc] [Kh]
Slami4: checks 
KarP93: checks 
*** RIVER *** [As 3s Qc Kh] [9h]
Slami4: checks 
KarP93: checks 
*** SHOW DOWN ***
Slami4: shows [6c 5c] (high card Ace)
KarP93: shows [6h Qh] (a pair of Queens)
KarP93 collected $5.22 from pot
*** SUMMARY ***
Total pot $5.50 | Rake $0.28 
Board [As 3s Qc Kh 9h]
Seat 1: Slami4 (big blind) showed [6c 5c] and lost with high card Ace
Seat 2: antey89 folded before Flop (didn't bet)
Seat 3: KarP93 showed [6h Qh] and won ($5.22) with a pair of Queens
Seat 4: gukii folded before Flop (didn't bet)
Seat 5: steelNike (button) folded before Flop (didn't bet)
Seat 6: 3EBC96 (small blind) folded before Flop



PokerStars Hand #254481394167:  Hold'em No Limit ($0.50/$1.00 USD) - 2025/01/21 8:51:00 WET [2025/01/21 3:51:00 ET]
Table 'Gotz III' 6-max Seat #6 is the button
Seat 1: Slami4 ($112.23 in chips) 
Seat 2: antey89 ($102.54 in chips) 
Seat 3: KarP93 ($147.29 in chips) 
Seat 4: gukii ($75.76 in chips) 
Seat 5: steelNike ($92.40 in chips) 
Seat 6: 3EBC96 ($100.75 in chips) 
Slami4: posts small blind $0.50
antey89: posts big blind $1
*** HOLE CARDS ***
KarP93: folds 
gukii: folds 
steelNike: raises $1.30 to $2.30
3EBC96: folds 
Slami4: folds 
antey89: folds 
Uncalled bet ($1.30) returned to steelNike
steelNike collected $2.50 from pot
*** SUMMARY ***
Total pot $2.50 | Rake $0 
Seat 1: Slami4 (small blind) folded before Flop
Seat 2: antey89 (big blind) folded before Flop
Seat 3: KarP93 folded before Flop (didn't bet)
Seat 4: gukii folded before Flop (didn't bet)
Seat 5: steelNike collected ($2.50)
Seat 6: 3EBC96 (button) folded before Flop (didn't bet)



PokerStars Hand #254481395625:  Hold'em No Limit ($0.50/$1.00 USD) - 2025/01/21 8:51:19 WET [2025/01/21 3:51:19 ET]
Table 'Gotz III' 6-max Seat #1 is the button
Seat 1: Slami4 ($111.73 in chips) 
Seat 2: antey89 ($101.54 in chips) 
Seat 3: KarP93 ($147.29 in chips) 
Seat 4: gukii ($75.76 in chips) 
Seat 5: steelNike ($93.90 in chips) 
Seat 6: 3EBC96 ($100.75 in chips) 
antey89: posts small blind $0.50
KarP93: posts big blind $1
*** HOLE CARDS ***
gukii: calls $1
steelNike: raises $6 to $7
3EBC96: folds 
Slami4: folds 
antey89: folds 
KarP93: folds 
gukii: calls $6
*** FLOP *** [3h Ac Jd]
gukii: checks 
steelNike: checks 
*** TURN *** [3h Ac Jd] [Qd]
gukii: checks 
steelNike: checks 
*** RIVER *** [3h Ac Jd Qd] [Jc]
gukii: bets $2
steelNike: folds 
Uncalled bet ($2) returned to gukii
gukii collected $14.72 from pot
*** SUMMARY ***
Total pot $15.50 | Rake $0.78 
Board [3h Ac Jd Qd Jc]
Seat 1: Slami4 (button) folded before Flop (didn't bet)
Seat 2: antey89 (small blind) folded before Flop
Seat 3: KarP93 (big blind) folded before Flop
Seat 4: gukii collected ($14.72)
Seat 5: steelNike folded on the River
Seat 6: 3EBC96 folded before Flop (didn't bet)



PokerStars Hand #254481399821:  Hold'em No Limit ($0.50/$1.00 USD) - 2025/01/21 8:52:15 WET [2025/01/21 3:52:15 ET]
Table 'Gotz III' 6-max Seat #2 is the button
Seat 1: Slami4 ($111.73 in chips) 
Seat 2: antey89 ($101.04 in chips) 
Seat 3: KarP93 ($146.29 in chips) 
Seat 4: gukii ($83.48 in chips) 
Seat 5: steelNike ($86.90 in chips) 
Seat 6: 3EBC96 ($100.75 in chips) 
KarP93: posts small blind $0.50
gukii: posts big blind $1
*** HOLE CARDS ***
steelNike: folds 
3EBC96: raises $1.50 to $2.50
Slami4: folds 
antey89: calls $2.50
KarP93: folds 
gukii: calls $1.50
*** FLOP *** [9d 7s Kc]
gukii: checks 
3EBC96: checks 
antey89: checks 
*** TURN *** [9d 7s Kc] [5s]
gukii: bets $7.60
3EBC96: calls $7.60
antey89: folds 
*** RIVER *** [9d 7s Kc 5s] [4s]
gukii: bets $13
3EBC96: folds 
Uncalled bet ($13) returned to gukii
gukii collected $22.04 from pot
*** SUMMARY ***
Total pot $23.20 | Rake $1.16 
Board [9d 7s Kc 5s 4s]
Seat 1: Slami4 folded before Flop (didn't bet)
Seat 2: antey89 (button) folded on the Turn
Seat 3: KarP93 (small blind) folded before Flop
Seat 4: gukii (big blind) collected ($22.04)
Seat 5: steelNike folded before Flop (didn't bet)
Seat 6: 3EBC96 folded on the River



PokerStars Hand #254481406478:  Hold'em No Limit ($0.50/$1.00 USD) - 2025/01/21 8:53:41 WET [2025/01/21 3:53:41 ET]
Table 'Gotz III' 6-max Seat #3 is the button
Seat 1: Slami4 ($111.73 in chips) 
Seat 2: antey89 ($100 in chips) 
Seat 3: KarP93 ($145.79 in chips) 
Seat 4: gukii ($95.42 in chips) 
Seat 5: steelNike ($86.90 in chips) 
Seat 6: 3EBC96 ($100 in chips) 
gukii: posts small blind $0.50
steelNike: posts big blind $1
*** HOLE CARDS ***
3EBC96: folds 
Slami4: raises $1.50 to $2.50
antey89: folds 
KarP93: folds 
gukii: calls $2
steelNike: folds 
*** FLOP *** [5h Jd 2s]
gukii: checks 
Slami4: bets $1.88
gukii: calls $1.88
*** TURN *** [5h Jd 2s] [9c]
gukii: checks 
Slami4: checks 
*** RIVER *** [5h Jd 2s 9c] [Qd]
gukii: checks 
Slami4: bets $6.12
gukii: folds 
Uncalled bet ($6.12) returned to Slami4
Slami4 collected $9.27 from pot
Slami4: doesn't show hand 
*** SUMMARY ***
Total pot $9.76 | Rake $0.49 
Board [5h Jd 2s 9c Qd]
Seat 1: Slami4 collected ($9.27)
Seat 2: antey89 folded before Flop (didn't bet)
Seat 3: KarP93 (button) folded before Flop (didn't bet)
Seat 4: gukii (small blind) folded on the River
Seat 5: steelNike (big blind) folded before Flop
Seat 6: 3EBC96 folded before Flop (didn't bet)



PokerStars Hand #254481410383:  Hold'em No Limit ($0.50/$1.00 USD) - 2025/01/21 8:54:31 WET [2025/01/21 3:54:31 ET]
Table 'Gotz III' 6-max Seat #4 is the button
Seat 1: Slami4 ($116.62 in chips) 
Seat 2: antey89 ($100 in chips) 
Seat 3: KarP93 ($145.79 in chips) 
Seat 4: gukii ($91.04 in chips) 
Seat 5: steelNike ($85.90 in chips) 
Seat 6: 3EBC96 ($100 in chips) 
steelNike: posts small blind $0.50
3EBC96: posts big blind $1
*** HOLE CARDS ***
Slami4: folds 
antey89: folds 
KarP93: raises $1.50 to $2.50
gukii: calls $2.50
steelNike: folds 
3EBC96: folds 
*** FLOP *** [3d Qc 5c]
KarP93: checks 
gukii: checks 
*** TURN *** [3d Qc 5c] [As]
KarP93: bets $4.64
gukii: calls $4.64
*** RIVER *** [3d Qc 5c As] [4c]
KarP93: checks 
gukii: bets $14.99
KarP93: calls $14.99
*** SHOW DOWN ***
gukii: shows [Kc 9c] (a flush, King high)
KarP93: mucks hand 
gukii collected $43.47 from pot
*** SUMMARY ***
Total pot $45.76 | Rake $2.29 
Board [3d Qc 5c As 4c]
Seat 1: Slami4 folded before Flop (didn't bet)
Seat 2: antey89 folded before Flop (didn't bet)
Seat 3: KarP93 mucked
Seat 4: gukii (button) showed [Kc 9c] and won ($43.47) with a flush, King high
Seat 5: steelNike (small blind) folded before Flop
Seat 6: 3EBC96 (big blind) folded before Flop



PokerStars Hand #254481413493:  Hold'em No Limit ($0.50/$1.00 USD) - 2025/01/21 8:55:11 WET [2025/01/21 3:55:11 ET]
Table 'Gotz III' 6-max Seat #5 is the button
Seat 1: Slami4 ($116.62 in chips) 
Seat 2: antey89 ($100 in chips) 
Seat 3: KarP93 ($123.66 in chips) 
Seat 4: gukii ($112.38 in chips) 
Seat 5: steelNike ($100 in chips) 
Seat 6: 3EBC96 ($100 in chips) 
3EBC96: posts small blind $0.50
Slami4: posts big blind $1
*** HOLE CARDS ***
antey89: folds 
KarP93: folds 
gukii: folds 
steelNike: folds 
3EBC96: raises $2 to $3
Slami4: calls $2
*** FLOP *** [3c Qc Jh]
3EBC96: bets $1.88
Slami4: folds 
Uncalled bet ($1.88) returned to 3EBC96
3EBC96 collected $5.70 from pot
3EBC96: doesn't show hand 
*** SUMMARY ***
Total pot $6 | Rake $0.30 
Board [3c Qc Jh]
Seat 1: Slami4 (big blind) folded on the Flop
Seat 2: antey89 folded before Flop (didn't bet)
Seat 3: KarP93 folded before Flop (didn't bet)
Seat 4: gukii folded before Flop (didn't bet)
Seat 5: steelNike (button) folded before Flop (didn't bet)
Seat 6: 3EBC96 (small blind) collected ($5.70)



PokerStars Hand #254481414759:  Hold'em No Limit ($0.50/$1.00 USD) - 2025/01/21 8:55:29 WET [2025/01/21 3:55:29 ET]
Table 'Gotz III' 6-max Seat #6 is the button
Seat 1: Slami4 ($113.62 in chips) 
Seat 2: antey89 ($100 in chips) 
Seat 3: KarP93 ($123.66 in chips) 
Seat 4: gukii ($112.38 in chips) 
Seat 5: steelNike ($100 in chips) 
Seat 6: 3EBC96 ($102.70 in chips) 
Slami4: posts small blind $0.50
antey89: posts big blind $1
*** HOLE CARDS ***
KarP93: folds 
gukii: calls $1
steelNike: folds 
3EBC96: folds 
Slami4: folds 
antey89: checks 
*** FLOP *** [2d Qc 7c]
antey89: checks 
gukii: checks 
*** TURN *** [2d Qc 7c] [As]
antey89: checks 
gukii: bets $1
antey89: calls $1
*** RIVER *** [2d Qc 7c As] [7s]
antey89: checks 
gukii: bets $5
antey89: folds 
Uncalled bet ($5) returned to gukii
gukii collected $4.28 from pot
*** SUMMARY ***
Total pot $4.50 | Rake $0.22 
Board [2d Qc 7c As 7s]
Seat 1: Slami4 (small blind) folded before Flop
Seat 2: antey89 (big blind) folded on the River
Seat 3: KarP93 folded before Flop (didn't bet)
Seat 4: gukii collected ($4.28)
Seat 5: steelNike folded before Flop (didn't bet)
Seat 6: 3EBC96 (button) folded before Flop (didn't bet)



PokerStars Hand #254481418976:  Hold'em No Limit ($0.50/$1.00 USD) - 2025/01/21 8:56:30 WET [2025/01/21 3:56:30 ET]
Table 'Gotz III' 6-max Seat #1 is the button
Seat 1: Slami4 ($113.12 in chips) 
Seat 2: antey89 ($100 in chips) 
Seat 3: KarP93 ($123.66 in chips) 
Seat 4: gukii ($114.66 in chips) 
Seat 5: steelNike ($100 in chips) 
Seat 6: 3EBC96 ($102.70 in chips) 
antey89: posts small blind $0.50
KarP93: posts big blind $1
*** HOLE CARDS ***
gukii: folds 
steelNike: folds 
3EBC96: raises $1.50 to $2.50
Slami4: folds 
antey89: folds 
KarP93: folds 
Uncalled bet ($1.50) returned to 3EBC96
3EBC96 collected $2.50 from pot
3EBC96: doesn't show hand 
*** SUMMARY ***
Total pot $2.50 | Rake $0 
Seat 1: Slami4 (button) folded before Flop (didn't bet)
Seat 2: antey89 (small blind) folded before Flop
Seat 3: KarP93 (big blind) folded before Flop
Seat 4: gukii folded before Flop (didn't bet)
Seat 5: steelNike folded before Flop (didn't bet)
Seat 6: 3EBC96 collected ($2.50)



PokerStars Hand #254481420594:  Hold'em No Limit ($0.50/$1.00 USD) - 2025/01/21 8:56:53 WET [2025/01/21 3:56:53 ET]
Table 'Gotz III' 6-max Seat #2 is the button
Seat 1: Slami4 ($113.12 in chips) 
Seat 2: antey89 ($100 in chips) 
Seat 3: KarP93 ($122.66 in chips) 
Seat 4: gukii ($114.66 in chips) 
Seat 5: steelNike ($100 in chips) 
Seat 6: 3EBC96 ($104.20 in chips) 
KarP93: posts small blind $0.50
gukii: posts big blind $1
*** HOLE CARDS ***
steelNike: raises $1 to $2
3EBC96: folds 
Slami4: folds 
antey89: calls $2
KarP93: folds 
gukii: calls $1
*** FLOP *** [8d 9d Ac]
gukii: checks 
steelNike: checks 
antey89: checks 
*** TURN *** [8d 9d Ac] [Kh]
gukii: checks 
steelNike: checks 
antey89: bets $3.40
gukii: folds 
steelNike: folds 
Uncalled bet ($3.40) returned to antey89
antey89 collected $6.18 from pot
antey89: doesn't show hand 
*** SUMMARY ***
Total pot $6.50 | Rake $0.32 
Board [8d 9d Ac Kh]
Seat 1: Slami4 folded before Flop (didn't bet)
Seat 2: antey89 (button) collected ($6.18)
Seat 3: KarP93 (small blind) folded before Flop
Seat 4: gukii (big blind) folded on the Turn
Seat 5: steelNike folded on the Turn
Seat 6: 3EBC96 folded before Flop (didn't bet)



PokerStars Hand #254481425379:  Hold'em No Limit ($0.50/$1.00 USD) - 2025/01/21 8:58:02 WET [2025/01/21 3:58:02 ET]
Table 'Gotz III' 6-max Seat #3 is the button
Seat 1: Slami4 ($113.12 in chips) 
Seat 2: antey89 ($104.18 in chips) 
Seat 3: KarP93 ($122.16 in chips) 
Seat 4: gukii ($112.66 in chips) 
Seat 5: steelNike ($98 in chips) 
Seat 6: 3EBC96 ($104.20 in chips) 
gukii: posts small blind $0.50
steelNike: posts big blind $1
*** HOLE CARDS ***
3EBC96: folds 
Slami4: raises $1.50 to $2.50
antey89: calls $2.50
KarP93: folds 
gukii: folds 
steelNike: folds 
*** FLOP *** [4h Ad 8d]
Slami4: checks 
antey89: checks 
*** TURN *** [4h Ad 8d] [Kd]
Slami4: bets $2.04
antey89: folds 
Uncalled bet ($2.04) returned to Slami4
Slami4 collected $6.18 from pot
Slami4: doesn't show hand 
*** SUMMARY ***
Total pot $6.50 | Rake $0.32 
Board [4h Ad 8d Kd]
Seat 1: Slami4 collected ($6.18)
Seat 2: antey89 folded on the Turn
Seat 3: KarP93 (button) folded before Flop (didn't bet)
Seat 4: gukii (small blind) folded before Flop
Seat 5: steelNike (big blind) folded before Flop
Seat 6: 3EBC96 folded before Flop (didn't bet)



PokerStars Hand #254481430088:  Hold'em No Limit ($0.50/$1.00 USD) - 2025/01/21 8:59:09 WET [2025/01/21 3:59:09 ET]
Table 'Gotz III' 6-max Seat #4 is the button
Seat 1: Slami4 ($116.80 in chips) 
Seat 2: antey89 ($101.68 in chips) 
Seat 3: KarP93 ($122.16 in chips) 
Seat 4: gukii ($112.16 in chips) 
Seat 5: steelNike ($99 in chips) 
Seat 6: 3EBC96 ($104.20 in chips) 
steelNike: posts small blind $0.50
3EBC96: posts big blind $1
*** HOLE CARDS ***
Slami4: folds 
antey89: folds 
KarP93: folds 
gukii: calls $1
steelNike: calls $0.50
3EBC96: checks 
*** FLOP *** [6s 2s Kd]
steelNike: checks 
3EBC96: checks 
gukii: checks 
*** TURN *** [6s 2s Kd] [2c]
steelNike: checks 
3EBC96: bets $1
gukii: calls $1
steelNike: raises $6.50 to $7.50
3EBC96: folds 
gukii: calls $6.50
*** RIVER *** [6s 2s Kd 2c] [7c]
steelNike: bets $34.20
gukii: folds 
Uncalled bet ($34.20) returned to steelNike
steelNike collected $18.05 from pot
*** SUMMARY ***
Total pot $19 | Rake $0.95 
Board [6s 2s Kd 2c 7c]
Seat 1: Slami4 folded before Flop (didn't bet)
Seat 2: antey89 folded before Flop (didn't bet)
Seat 3: KarP93 folded before Flop (didn't bet)
Seat 4: gukii (button) folded on the River
Seat 5: steelNike (small blind) collected ($18.05)
Seat 6: 3EBC96 (big blind) folded on the Turn



PokerStars Hand #254481437686:  Hold'em No Limit ($0.50/$1.00 USD) - 2025/01/21 9:00:54 WET [2025/01/21 4:00:54 ET]
Table 'Gotz III' 6-max Seat #5 is the button
Seat 1: Slami4 ($116.80 in chips) 
Seat 2: antey89 ($101.68 in chips) 
Seat 3: KarP93 ($122.16 in chips) 
Seat 4: gukii ($103.66 in chips) 
Seat 5: steelNike ($108.55 in chips) 
Seat 6: 3EBC96 ($102.20 in chips) 
3EBC96: posts small blind $0.50
Slami4: posts big blind $1
*** HOLE CARDS ***
antey89: folds 
KarP93: folds 
gukii: folds 
steelNike: folds 
3EBC96: folds 
Uncalled bet ($0.50) returned to Slami4
Slami4 collected $1 from pot
Slami4: doesn't show hand 
*** SUMMARY ***
Total pot $1 | Rake $0 
Seat 1: Slami4 (big blind) collected ($1)
Seat 2: antey89 folded before Flop (didn't bet)
Seat 3: KarP93 folded before Flop (didn't bet)
Seat 4: gukii folded before Flop (didn't bet)
Seat 5: steelNike (button) folded before Flop (didn't bet)
Seat 6: 3EBC96 (small blind) folded before Flop



PokerStars Hand #254481438737:  Hold'em No Limit ($0.50/$1.00 USD) - 2025/01/21 9:01:07 WET [2025/01/21 4:01:07 ET]
Table 'Gotz III' 6-max Seat #6 is the button
Seat 1: Slami4 ($117.30 in chips) 
Seat 2: antey89 ($101.68 in chips) 
Seat 3: KarP93 ($122.16 in chips) 
Seat 4: gukii ($103.66 in chips) 
Seat 5: steelNike ($108.55 in chips) 
Seat 6: 3EBC96 ($101.70 in chips) 
Slami4: posts small blind $0.50
antey89: posts big blind $1
*** HOLE CARDS ***
KarP93: folds 
gukii: folds 
steelNike: folds 
3EBC96: raises $1.50 to $2.50
Slami4: folds 
antey89: folds 
Uncalled bet ($1.50) returned to 3EBC96
3EBC96 collected $2.50 from pot
3EBC96: doesn't show hand 
*** SUMMARY ***
Total pot $2.50 | Rake $0 
Seat 1: Slami4 (small blind) folded before Flop
Seat 2: antey89 (big blind) folded before Flop
Seat 3: KarP93 folded before Flop (didn't bet)
Seat 4: gukii folded before Flop (didn't bet)
Seat 5: steelNike folded before Flop (didn't bet)
Seat 6: 3EBC96 (button) collected ($2.50)



PokerStars Hand #254481440566:  Hold'em No Limit ($0.50/$1.00 USD) - 2025/01/21 9:01:30 WET [2025/01/21 4:01:30 ET]
Table 'Gotz III' 6-max Seat #1 is the button
Seat 1: Slami4 ($116.80 in chips) 
Seat 2: antey89 ($100.68 in chips) 
Seat 3: KarP93 ($122.16 in chips) 
Seat 4: gukii ($103.66 in chips) 
Seat 5: steelNike ($108.55 in chips) 
Seat 6: 3EBC96 ($103.20 in chips) 
antey89: posts small blind $0.50
KarP93: posts big blind $1
*** HOLE CARDS ***
gukii: calls $1
steelNike: folds 
3EBC96: folds 
Slami4: folds 
antey89: folds 
KarP93: raises $4 to $5
gukii: calls $4
*** FLOP *** [Kd 2d 8c]
KarP93: checks 
gukii: checks 
*** TURN *** [Kd 2d 8c] [Kh]
KarP93: checks 
gukii: checks 
*** RIVER *** [Kd 2d 8c Kh] [5d]
KarP93: checks 
gukii: bets $3
KarP93: folds 
Uncalled bet ($3) returned to gukii
gukii collected $9.98 from pot
*** SUMMARY ***
Total pot $10.50 | Rake $0.52 
Board [Kd 2d 8c Kh 5d]
Seat 1: Slami4 (button) folded before Flop (didn't bet)
Seat 2: antey89 (small blind) folded before Flop
Seat 3: KarP93 (big blind) folded on the River
Seat 4: gukii collected ($9.98)
Seat 5: steelNike folded before Flop (didn't bet)
Seat 6: 3EBC96 folded before Flop (didn't bet)



PokerStars Hand #254481446636:  Hold'em No Limit ($0.50/$1.00 USD) - 2025/01/21 9:02:44 WET [2025/01/21 4:02:44 ET]
Table 'Gotz III' 6-max Seat #2 is the button
Seat 1: Slami4 ($116.80 in chips) 
Seat 2: antey89 ($100.18 in chips) 
Seat 3: KarP93 ($117.16 in chips) 
Seat 4: gukii ($108.64 in chips) 
Seat 5: steelNike ($108.55 in chips) 
Seat 6: 3EBC96 ($103.20 in chips) 
KarP93: posts small blind $0.50
gukii: posts big blind $1
*** HOLE CARDS ***
steelNike: raises $1 to $2
3EBC96: folds 
Slami4: folds 
antey89: folds 
KarP93: folds 
gukii: folds 
Uncalled bet ($1) returned to steelNike
steelNike collected $2.50 from pot
*** SUMMARY ***
Total pot $2.50 | Rake $0 
Seat 1: Slami4 folded before Flop (didn't bet)
Seat 2: antey89 (button) folded before Flop (didn't bet)
Seat 3: KarP93 (small blind) folded before Flop
Seat 4: gukii (big blind) folded before Flop
Seat 5: steelNike collected ($2.50)
Seat 6: 3EBC96 folded before Flop (didn't bet)



PokerStars Hand #254481448303:  Hold'em No Limit ($0.50/$1.00 USD) - 2025/01/21 9:03:05 WET [2025/01/21 4:03:05 ET]
Table 'Gotz III' 6-max Seat #3 is the button
Seat 1: Slami4 ($116.80 in chips) 
Seat 2: antey89 ($100.18 in chips) 
Seat 3: KarP93 ($116.66 in chips) 
Seat 4: gukii ($107.64 in chips) 
Seat 5: steelNike ($110.05 in chips) 
Seat 6: 3EBC96 ($103.20 in chips) 
gukii: posts small blind $0.50
steelNike: posts big blind $1
*** HOLE CARDS ***
3EBC96: folds 
Slami4: folds 
antey89: folds 
KarP93: raises $1.50 to $2.50
gukii: folds 
steelNike: folds 
Uncalled bet ($1.50) returned to KarP93
KarP93 collected $2.50 from pot
KarP93: doesn't show hand 
*** SUMMARY ***
Total pot $2.50 | Rake $0 
Seat 1: Slami4 folded before Flop (didn't bet)
Seat 2: antey89 folded before Flop (didn't bet)
Seat 3: KarP93 (button) collected ($2.50)
Seat 4: gukii (small blind) folded before Flop
Seat 5: steelNike (big blind) folded before Flop
Seat 6: 3EBC96 folded before Flop (didn't bet)



PokerStars Hand #254481449859:  Hold'em No Limit ($0.50/$1.00 USD) - 2025/01/21 9:03:23 WET [2025/01/21 4:03:23 ET]
Table 'Gotz III' 6-max Seat #4 is the button
Seat 1: Slami4 ($116.80 in chips) 
Seat 2: antey89 ($100.18 in chips) 
Seat 3: KarP93 ($118.16 in chips) 
Seat 4: gukii ($107.14 in chips) 
Seat 5: steelNike ($109.05 in chips) 
Seat 6: 3EBC96 ($103.20 in chips) 
steelNike: posts small blind $0.50
3EBC96: posts big blind $1
*** HOLE CARDS ***
Slami4: folds 
antey89: raises $1 to $2
KarP93: folds 
gukii: folds 
steelNike: folds 
3EBC96: folds 
Uncalled bet ($1) returned to antey89
antey89 collected $2.50 from pot
antey89: doesn't show hand 
*** SUMMARY ***
Total pot $2.50 | Rake $0 
Seat 1: Slami4 folded before Flop (didn't bet)
Seat 2: antey89 collected ($2.50)
Seat 3: KarP93 folded before Flop (didn't bet)
Seat 4: gukii (button) folded before Flop (didn't bet)
Seat 5: steelNike (small blind) folded before Flop
Seat 6: 3EBC96 (big blind) folded before Flop



PokerStars Hand #254481451373:  Hold'em No Limit ($0.50/$1.00 USD) - 2025/01/21 9:03:42 WET [2025/01/21 4:03:42 ET]
Table 'Gotz III' 6-max Seat #5 is the button
Seat 1: Slami4 ($116.80 in chips) 
Seat 2: antey89 ($101.68 in chips) 
Seat 3: KarP93 ($118.16 in chips) 
Seat 4: gukii ($107.14 in chips) 
Seat 5: steelNike ($108.55 in chips) 
Seat 6: 3EBC96 ($102.20 in chips) 
3EBC96: posts small blind $0.50
Slami4: posts big blind $1
*** HOLE CARDS ***
antey89: folds 
KarP93: folds 
gukii: folds 
steelNike: folds 
3EBC96: folds 
Uncalled bet ($0.50) returned to Slami4
Slami4 collected $1 from pot
Slami4: doesn't show hand 
*** SUMMARY ***
Total pot $1 | Rake $0 
Seat 1: Slami4 (big blind) collected ($1)
Seat 2: antey89 folded before Flop (didn't bet)
Seat 3: KarP93 folded before Flop (didn't bet)
Seat 4: gukii folded before Flop (didn't bet)
Seat 5: steelNike (button) folded before Flop (didn't bet)
Seat 6: 3EBC96 (small blind) folded before Flop



PokerStars Hand #254481452677:  Hold'em No Limit ($0.50/$1.00 USD) - 2025/01/21 9:03:57 WET [2025/01/21 4:03:57 ET]
Table 'Gotz III' 6-max Seat #6 is the button
Seat 1: Slami4 ($117.30 in chips) 
Seat 2: antey89 ($101.68 in chips) 
Seat 3: KarP93 ($118.16 in chips) 
Seat 4: gukii ($107.14 in chips) 
Seat 5: steelNike ($108.55 in chips) 
Seat 6: 3EBC96 ($101.70 in chips) 
Slami4: posts small blind $0.50
antey89: posts big blind $1
*** HOLE CARDS ***
KarP93: folds 
gukii: calls $1
steelNike: folds 
3EBC96: folds 
Slami4: folds 
antey89: checks 
*** FLOP *** [7d 7s Qs]
antey89: checks 
gukii: checks 
*** TURN *** [7d 7s Qs] [Jc]
antey89: checks 
gukii: bets $1
antey89: folds 
Uncalled bet ($1) returned to gukii
gukii collected $2.38 from pot
*** SUMMARY ***
Total pot $2.50 | Rake $0.12 
Board [7d 7s Qs Jc]
Seat 1: Slami4 (small blind) folded before Flop
Seat 2: antey89 (big blind) folded on the Turn
Seat 3: KarP93 folded before Flop (didn't bet)
Seat 4: gukii collected ($2.38)
Seat 5: steelNike folded before Flop (didn't bet)
Seat 6: 3EBC96 (button) folded before Flop (didn't bet)



PokerStars Hand #254481458508:  Hold'em No Limit ($0.50/$1.00 USD) - 2025/01/21 9:05:07 WET [2025/01/21 4:05:07 ET]
Table 'Gotz III' 6-max Seat #1 is the button
Seat 1: Slami4 ($116.80 in chips) 
Seat 2: antey89 ($100.68 in chips) 
Seat 3: KarP93 ($118.16 in chips) 
Seat 4: gukii ($108.52 in chips) 
Seat 5: steelNike ($108.55 in chips) 
Seat 6: 3EBC96 ($101.70 in chips) 
antey89: posts small blind $0.50
KarP93: posts big blind $1
*** HOLE CARDS ***
gukii: folds 
steelNike: folds 
3EBC96: folds 
Slami4: folds 
antey89: folds 
Uncalled bet ($0.50) returned to KarP93
KarP93 collected $1 from pot
KarP93: doesn't show hand 
*** SUMMARY ***
Total pot $1 | Rake $0 
Seat 1: Slami4 (button) folded before Flop (didn't bet)
Seat 2: antey89 (small blind) folded before Flop
Seat 3: KarP93 (big blind) collected ($1)
Seat 4: gukii folded before Flop (didn't bet)
Seat 5: steelNike folded before Flop (didn't bet)
Seat 6: 3EBC96 folded before Flop (didn't bet)



PokerStars Hand #254481460124:  Hold'em No Limit ($0.50/$1.00 USD) - 2025/01/21 9:05:27 WET [2025/01/21 4:05:27 ET]
Table 'Gotz III' 6-max Seat #2 is the button
Seat 1: Slami4 ($116.80 in chips) 
Seat 2: antey89 ($100.18 in chips) 
Seat 3: KarP93 ($118.66 in chips) 
Seat 4: gukii ($108.52 in chips) 
Seat 5: steelNike ($108.55 in chips) 
Seat 6: 3EBC96 ($101.70 in chips) 
KarP93: posts small blind $0.50
gukii: posts big blind $1
*** HOLE CARDS ***
steelNike: folds 
3EBC96: folds 
Slami4: folds 
antey89: folds 
KarP93: raises $2 to $3
gukii: folds 
Uncalled bet ($2) returned to KarP93
KarP93 collected $2 from pot
KarP93: doesn't show hand 
*** SUMMARY ***
Total pot $2 | Rake $0 
Seat 1: Slami4 folded before Flop (didn't bet)
Seat 2: antey89 (button) folded before Flop (didn't bet)
Seat 3: KarP93 (small blind) collected ($2)
Seat 4: gukii (big blind) folded before Flop
Seat 5: steelNike folded before Flop (didn't bet)
Seat 6: 3EBC96 folded before Flop (didn't bet)



PokerStars Hand #254481461988:  Hold'em No Limit ($0.50/$1.00 USD) - 2025/01/21 9:05:49 WET [2025/01/21 4:05:49 ET]
Table 'Gotz III' 6-max Seat #3 is the button
Seat 1: Slami4 ($116.80 in chips) 
Seat 2: antey89 ($100.18 in chips) 
Seat 3: KarP93 ($119.66 in chips) 
Seat 4: gukii ($107.52 in chips) 
Seat 5: steelNike ($108.55 in chips) 
Seat 6: 3EBC96 ($101.70 in chips) 
gukii: posts small blind $0.50
steelNike: posts big blind $1
*** HOLE CARDS ***
3EBC96: folds 
Slami4: folds 
antey89: folds 
KarP93: raises $1.50 to $2.50
gukii: folds 
steelNike: raises $10.50 to $13
KarP93: folds 
Uncalled bet ($10.50) returned to steelNike
steelNike collected $5.50 from pot
*** SUMMARY ***
Total pot $5.50 | Rake $0 
Seat 1: Slami4 folded before Flop (didn't bet)
Seat 2: antey89 folded before Flop (didn't bet)
Seat 3: KarP93 (button) folded before Flop
Seat 4: gukii (small blind) folded before Flop
Seat 5: steelNike (big blind) collected ($5.50)
Seat 6: 3EBC96 folded before Flop (didn't bet)



PokerStars Hand #254481465124:  Hold'em No Limit ($0.50/$1.00 USD) - 2025/01/21 9:06:26 WET [2025/01/21 4:06:26 ET]
Table 'Gotz III' 6-max Seat #4 is the button
Seat 1: Slami4 ($116.80 in chips) 
Seat 2: antey89 ($100.18 in chips) 
Seat 3: KarP93 ($117.16 in chips) 
Seat 4: gukii ($107.02 in chips) 
Seat 5: steelNike ($111.55 in chips) 
Seat 6: 3EBC96 ($101.70 in chips) 
steelNike: posts small blind $0.50
3EBC96: posts big blind $1
*** HOLE CARDS ***
Slami4: raises $1.50 to $2.50
antey89: folds 
KarP93: folds 
gukii: calls $2.50
steelNike: raises $13 to $15.50
3EBC96: folds 
Slami4: folds 
gukii: calls $13
*** FLOP *** [8d 9d Ks]
steelNike: bets $24.59
gukii: folds 
Uncalled bet ($24.59) returned to steelNike
steelNike collected $32.78 from pot
*** SUMMARY ***
Total pot $34.50 | Rake $1.72 
Board [8d 9d Ks]
Seat 1: Slami4 folded before Flop
Seat 2: antey89 folded before Flop (didn't bet)
Seat 3: KarP93 folded before Flop (didn't bet)
Seat 4: gukii (button) folded on the Flop
Seat 5: steelNike (small blind) collected ($32.78)
Seat 6: 3EBC96 (big blind) folded before Flop



PokerStars Hand #254481470198:  Hold'em No Limit ($0.50/$1.00 USD) - 2025/01/21 9:07:27 WET [2025/01/21 4:07:27 ET]
Table 'Gotz III' 6-max Seat #5 is the button
Seat 1: Slami4 ($114.30 in chips) 
Seat 2: antey89 ($100.18 in chips) 
Seat 3: KarP93 ($117.16 in chips) 
Seat 4: gukii ($91.52 in chips) 
Seat 5: steelNike ($128.83 in chips) 
Seat 6: 3EBC96 ($100.70 in chips) 
3EBC96: posts small blind $0.50
Slami4: posts big blind $1
*** HOLE CARDS ***
antey89: folds 
KarP93: raises $1.50 to $2.50
gukii: raises $2.50 to $5
steelNike: folds 
3EBC96: folds 
Slami4: folds 
KarP93: calls $2.50
*** FLOP *** [3h 2c 5s]
KarP93: checks 
gukii: bets $10.92
KarP93: folds 
Uncalled bet ($10.92) returned to gukii
gukii collected $10.92 from pot
*** SUMMARY ***
Total pot $11.50 | Rake $0.58 
Board [3h 2c 5s]
Seat 1: Slami4 (big blind) folded before Flop
Seat 2: antey89 folded before Flop (didn't bet)
Seat 3: KarP93 folded on the Flop
Seat 4: gukii collected ($10.92)
Seat 5: steelNike (button) folded before Flop (didn't bet)
Seat 6: 3EBC96 (small blind) folded before Flop



PokerStars Hand #254481474337:  Hold'em No Limit ($0.50/$1.00 USD) - 2025/01/21 9:08:17 WET [2025/01/21 4:08:17 ET]
Table 'Gotz III' 6-max Seat #6 is the button
Seat 1: Slami4 ($113.30 in chips) 
Seat 2: antey89 ($100.18 in chips) 
Seat 3: KarP93 ($112.16 in chips) 
Seat 4: gukii ($97.44 in chips) 
Seat 5: steelNike ($128.83 in chips) 
Seat 6: 3EBC96 ($100.20 in chips) 
Slami4: posts small blind $0.50
antey89: posts big blind $1
*** HOLE CARDS ***
KarP93: raises $1.50 to $2.50
gukii: calls $2.50
steelNike: folds 
3EBC96: folds 
Slami4: folds 
antey89: folds 
*** FLOP *** [5c 2c Kh]
KarP93: bets $4.64
gukii: folds 
Uncalled bet ($4.64) returned to KarP93
KarP93 collected $6.18 from pot
KarP93: doesn't show hand 
*** SUMMARY ***
Total pot $6.50 | Rake $0.32 
Board [5c 2c Kh]
Seat 1: Slami4 (small blind) folded before Flop
Seat 2: antey89 (big blind) folded before Flop
Seat 3: KarP93 collected ($6.18)
Seat 4: gukii folded on the Flop
Seat 5: steelNike folded before Flop (didn't bet)
Seat 6: 3EBC96 (button) folded before Flop (didn't bet)



PokerStars Hand #254481477332:  Hold'em No Limit ($0.50/$1.00 USD) - 2025/01/21 9:08:52 WET [2025/01/21 4:08:52 ET]
Table 'Gotz III' 6-max Seat #1 is the button
Seat 1: Slami4 ($112.80 in chips) 
Seat 2: antey89 ($100 in chips) 
Seat 3: KarP93 ($115.84 in chips) 
Seat 4: gukii ($94.94 in chips) 
Seat 5: steelNike ($128.83 in chips) 
Seat 6: 3EBC96 ($100.20 in chips) 
antey89: posts small blind $0.50
KarP93: posts big blind $1
*** HOLE CARDS ***
gukii: calls $1
steelNike: folds 
3EBC96: folds 
Slami4: folds 
antey89: folds 
KarP93: checks 
*** FLOP *** [2h 6c 5c]
KarP93: checks 
gukii: checks 
*** TURN *** [2h 6c 5c] [8c]
KarP93: checks 
gukii: checks 
*** RIVER *** [2h 6c 5c 8c] [Jc]
KarP93: bets $1.79
gukii: calls $1.79
*** SHOW DOWN ***
KarP93: shows [4d Qd] (high card Queen)
gukii: shows [3c 4c] (a flush, Jack high)
gukii collected $5.78 from pot
*** SUMMARY ***
Total pot $6.08 | Rake $0.30 
Board [2h 6c 5c 8c Jc]
Seat 1: Slami4 (button) folded before Flop (didn't bet)
Seat 2: antey89 (small blind) folded before Flop
Seat 3: KarP93 (big blind) showed [4d Qd] and lost with high card Queen
Seat 4: gukii showed [3c 4c] and won ($5.78) with a flush, Jack high
Seat 5: steelNike folded before Flop (didn't bet)
Seat 6: 3EBC96 folded before Flop (didn't bet)



PokerStars Hand #254481482777:  Hold'em No Limit ($0.50/$1.00 USD) - 2025/01/21 9:09:56 WET [2025/01/21 4:09:56 ET]
Table 'Gotz III' 6-max Seat #2 is the button
Seat 1: Slami4 ($112.80 in chips) 
Seat 2: antey89 ($100 in chips) 
Seat 3: KarP93 ($113.05 in chips) 
Seat 4: gukii ($97.93 in chips) 
Seat 5: steelNike ($128.83 in chips) 
Seat 6: 3EBC96 ($100.20 in chips) 
KarP93: posts small blind $0.50
gukii: posts big blind $1
*** HOLE CARDS ***
steelNike: folds 
3EBC96: folds 
Slami4: raises $1.50 to $2.50
antey89: folds 
KarP93: folds 
gukii: calls $1.50
*** FLOP *** [6c Ac 9c]
gukii: checks 
Slami4: bets $1.72
gukii: folds 
Uncalled bet ($1.72) returned to Slami4
Slami4 collected $5.22 from pot
Slami4: doesn't show hand 
*** SUMMARY ***
Total pot $5.50 | Rake $0.28 
Board [6c Ac 9c]
Seat 1: Slami4 collected ($5.22)
Seat 2: antey89 (button) folded before Flop (didn't bet)
Seat 3: KarP93 (small blind) folded before Flop
Seat 4: gukii (big blind) folded on the Flop
Seat 5: steelNike folded before Flop (didn't bet)
Seat 6: 3EBC96 folded before Flop (didn't bet)



PokerStars Hand #254481485180:  Hold'em No Limit ($0.50/$1.00 USD) - 2025/01/21 9:10:26 WET [2025/01/21 4:10:26 ET]
Table 'Gotz III' 6-max Seat #3 is the button
Seat 1: Slami4 ($115.52 in chips) 
Seat 2: antey89 ($100 in chips) 
Seat 3: KarP93 ($112.55 in chips) 
Seat 4: gukii ($95.43 in chips) 
Seat 5: steelNike ($128.83 in chips) 
Seat 6: 3EBC96 ($100.20 in chips) 
gukii: posts small blind $0.50
steelNike: posts big blind $1
*** HOLE CARDS ***
3EBC96: folds 
Slami4: folds 
antey89: raises $1.30 to $2.30
KarP93: folds 
gukii: calls $1.80
steelNike: folds 
*** FLOP *** [4c Kc 9s]
gukii: checks 
antey89: bets $3.46
gukii: folds 
Uncalled bet ($3.46) returned to antey89
antey89 collected $5.32 from pot
antey89: doesn't show hand 
*** SUMMARY ***
Total pot $5.60 | Rake $0.28 
Board [4c Kc 9s]
Seat 1: Slami4 folded before Flop (didn't bet)
Seat 2: antey89 collected ($5.32)
Seat 3: KarP93 (button) folded before Flop (didn't bet)
Seat 4: gukii (small blind) folded on the Flop
Seat 5: steelNike (big blind) folded before Flop
Seat 6: 3EBC96 folded before Flop (didn't bet)



PokerStars Hand #254481489257:  Hold'em No Limit ($0.50/$1.00 USD) - 2025/01/21 9:11:13 WET [2025/01/21 4:11:13 ET]
Table 'Gotz III' 6-max Seat #4 is the button
Seat 1: Slami4 ($115.52 in chips) 
Seat 2: antey89 ($103.02 in chips) 
Seat 3: KarP93 ($112.55 in chips) 
Seat 4: gukii ($93.13 in chips) 
Seat 5: steelNike ($127.83 in chips) 
Seat 6: 3EBC96 ($100.20 in chips) 
steelNike: posts small blind $0.50
3EBC96: posts big blind $1
*** HOLE CARDS ***
Slami4: raises $1.50 to $2.50
antey89: folds 
KarP93: folds 
gukii: calls $2.50
steelNike: folds 
3EBC96: raises $12.50 to $15
Slami4: folds 
gukii: folds 
Uncalled bet ($12.50) returned to 3EBC96
3EBC96 collected $8 from pot
3EBC96: doesn't show hand 
*** SUMMARY ***
Total pot $8 | Rake $0 
Seat 1: Slami4 folded before Flop
Seat 2: antey89 folded before Flop (didn't bet)
Seat 3: KarP93 folded before Flop (didn't bet)
Seat 4: gukii (button) folded before Flop
Seat 5: steelNike (small blind) folded before Flop
Seat 6: 3EBC96 (big blind) collected ($8)



PokerStars Hand #254481492038:  Hold'em No Limit ($0.50/$1.00 USD) - 2025/01/21 9:11:47 WET [2025/01/21 4:11:47 ET]
Table 'Gotz III' 6-max Seat #5 is the button
Seat 1: Slami4 ($113.02 in chips) 
Seat 2: antey89 ($103.02 in chips) 
Seat 3: KarP93 ($112.55 in chips) 
Seat 4: gukii ($90.63 in chips) 
Seat 5: steelNike ($127.33 in chips) 
Seat 6: 3EBC96 ($105.70 in chips) 
3EBC96: posts small blind $0.50
Slami4: posts big blind $1
*** HOLE CARDS ***
antey89: folds 
KarP93: folds 
gukii: folds 
steelNike: folds 
3EBC96: folds 
Uncalled bet ($0.50) returned to Slami4
Slami4 collected $1 from pot
Slami4: doesn't show hand 
*** SUMMARY ***
Total pot $1 | Rake $0 
Seat 1: Slami4 (big blind) collected ($1)
Seat 2: antey89 folded before Flop (didn't bet)
Seat 3: KarP93 folded before Flop (didn't bet)
Seat 4: gukii folded before Flop (didn't bet)
Seat 5: steelNike (button) folded before Flop (didn't bet)
Seat 6: 3EBC96 (small blind) folded before Flop



PokerStars Hand #254481492904:  Hold'em No Limit ($0.50/$1.00 USD) - 2025/01/21 9:11:57 WET [2025/01/21 4:11:57 ET]
Table 'Gotz III' 6-max Seat #6 is the button
Seat 1: Slami4 ($113.52 in chips) 
Seat 2: antey89 ($103.02 in chips) 
Seat 3: KarP93 ($112.55 in chips) 
Seat 4: gukii ($90.63 in chips) 
Seat 5: steelNike ($127.33 in chips) 
Seat 6: 3EBC96 ($105.20 in chips) 
Slami4: posts small blind $0.50
antey89: posts big blind $1
*** HOLE CARDS ***
KarP93: folds 
gukii: folds 
steelNike: folds 
3EBC96: raises $1.50 to $2.50
Slami4: folds 
antey89: folds 
Uncalled bet ($1.50) returned to 3EBC96
3EBC96 collected $2.50 from pot
3EBC96: doesn't show hand 
*** SUMMARY ***
Total pot $2.50 | Rake $0 
Seat 1: Slami4 (small blind) folded before Flop
Seat 2: antey89 (big blind) folded before Flop
Seat 3: KarP93 folded before Flop (didn't bet)
Seat 4: gukii folded before Flop (didn't bet)
Seat 5: steelNike folded before Flop (didn't bet)
Seat 6: 3EBC96 (button) collected ($2.50)



PokerStars Hand #254481494058:  Hold'em No Limit ($0.50/$1.00 USD) - 2025/01/21 9:12:10 WET [2025/01/21 4:12:10 ET]
Table 'Gotz III' 6-max Seat #1 is the button
Seat 1: Slami4 ($113.02 in chips) 
Seat 2: antey89 ($102.02 in chips) 
Seat 3: KarP93 ($112.55 in chips) 
Seat 4: gukii ($90.63 in chips) 
Seat 5: steelNike ($127.33 in chips) 
Seat 6: 3EBC96 ($106.70 in chips) 
antey89: posts small blind $0.50
KarP93: posts big blind $1
*** HOLE CARDS ***
gukii: folds 
steelNike: raises $1 to $2
3EBC96: folds 
Slami4: folds 
antey89: folds 
KarP93: raises $6.50 to $8.50
steelNike: folds 
Uncalled bet ($6.50) returned to KarP93
KarP93 collected $4.50 from pot
KarP93: doesn't show hand 
*** SUMMARY ***
Total pot $4.50 | Rake $0 
Seat 1: Slami4 (button) folded before Flop (didn't bet)
Seat 2: antey89 (small blind) folded before Flop
Seat 3: KarP93 (big blind) collected ($4.50)
Seat 4: gukii folded before Flop (didn't bet)
Seat 5: steelNike folded before Flop
Seat 6: 3EBC96 folded before Flop (didn't bet)



PokerStars Hand #254481498617:  Hold'em No Limit ($0.50/$1.00 USD) - 2025/01/21 9:13:03 WET [2025/01/21 4:13:03 ET]
Table 'Gotz III' 6-max Seat #2 is the button
Seat 1: Slami4 ($113.02 in chips) 
Seat 2: antey89 ($101.52 in chips) 
Seat 3: KarP93 ($115.05 in chips) 
Seat 4: gukii ($90.63 in chips) 
Seat 5: steelNike ($125.33 in chips) 
Seat 6: 3EBC96 ($106.70 in chips) 
KarP93: posts small blind $0.50
gukii: posts big blind $1
*** HOLE CARDS ***
steelNike: folds 
3EBC96: raises $1.20 to $2.20
Slami4: folds 
antey89: folds 
KarP93: folds 
gukii: calls $1.20
*** FLOP *** [Kc 5s Kh]
gukii: checks 
3EBC96: bets $1.17
gukii: raises $1.17 to $2.34
3EBC96: calls $1.17
*** TURN *** [Kc 5s Kh] [Tc]
gukii: bets $6
3EBC96: folds 
Uncalled bet ($6) returned to gukii
gukii collected $9.10 from pot
*** SUMMARY ***
Total pot $9.58 | Rake $0.48 
Board [Kc 5s Kh Tc]
Seat 1: Slami4 folded before Flop (didn't bet)
Seat 2: antey89 (button) folded before Flop (didn't bet)
Seat 3: KarP93 (small blind) folded before Flop
Seat 4: gukii (big blind) collected ($9.10)
Seat 5: steelNike folded before Flop (didn't bet)
Seat 6: 3EBC96 folded on the Turn



PokerStars Hand #254481502342:  Hold'em No Limit ($0.50/$1.00 USD) - 2025/01/21 9:13:47 WET [2025/01/21 4:13:47 ET]
Table 'Gotz III' 6-max Seat #3 is the button
Seat 1: Slami4 ($113.02 in chips) 
Seat 2: antey89 ($101.52 in chips) 
Seat 3: KarP93 ($114.55 in chips) 
Seat 4: gukii ($95.19 in chips) 
Seat 5: steelNike ($125.33 in chips) 
Seat 6: 3EBC96 ($102.16 in chips) 
gukii: posts small blind $0.50
steelNike: posts big blind $1
*** HOLE CARDS ***
3EBC96: folds 
Slami4: folds 
antey89: folds 
KarP93: folds 
gukii: calls $0.50
steelNike: checks 
*** FLOP *** [As Ts Ad]
gukii: checks 
steelNike: checks 
*** TURN *** [As Ts Ad] [4d]
gukii: bets $1
steelNike: folds 
Uncalled bet ($1) returned to gukii
gukii collected $1.90 from pot
*** SUMMARY ***
Total pot $2 | Rake $0.10 
Board [As Ts Ad 4d]
Seat 1: Slami4 folded before Flop (didn't bet)
Seat 2: antey89 folded before Flop (didn't bet)
Seat 3: KarP93 (button) folded before Flop (didn't bet)
Seat 4: gukii (small blind) collected ($1.90)
Seat 5: steelNike (big blind) folded on the Turn
Seat 6: 3EBC96 folded before Flop (didn't bet)



PokerStars Hand #254481506776:  Hold'em No Limit ($0.50/$1.00 USD) - 2025/01/21 9:14:40 WET [2025/01/21 4:14:40 ET]
Table 'Gotz III' 6-max Seat #4 is the button
Seat 1: Slami4 ($113.02 in chips) 
Seat 2: antey89 ($101.52 in chips) 
Seat 3: KarP93 ($114.55 in chips) 
Seat 4: gukii ($96.09 in chips) 
Seat 5: steelNike ($124.33 in chips) 
Seat 6: 3EBC96 ($102.16 in chips) 
steelNike: posts small blind $0.50
3EBC96: posts big blind $1
*** HOLE CARDS ***
Slami4: raises $1.50 to $2.50
antey89: folds 
KarP93: folds 
gukii: calls $2.50
steelNike: folds 
3EBC96: folds 
*** FLOP *** [5h 8d Qc]
Slami4: bets $4.08
gukii: calls $4.08
*** TURN *** [5h 8d Qc] [6h]
Slami4: bets $13.50
gukii: calls $13.50
*** RIVER *** [5h 8d Qc 6h] [Jh]
Slami4: bets $26.12
gukii: calls $26.12
*** SHOW DOWN ***
Slami4: shows [Ah Ac] (a pair of Aces)
gukii: mucks hand 
Slami4 collected $91.40 from pot
*** SUMMARY ***
Total pot $93.90 | Rake $2.50 
Board [5h 8d Qc 6h Jh]
Seat 1: Slami4 showed [Ah Ac] and won ($91.40) with a pair of Aces
Seat 2: antey89 folded before Flop (didn't bet)
Seat 3: KarP93 folded before Flop (didn't bet)
Seat 4: gukii (button) mucked
Seat 5: steelNike (small blind) folded before Flop
Seat 6: 3EBC96 (big blind) folded before Flop



PokerStars Hand #254481510380:  Hold'em No Limit ($0.50/$1.00 USD) - 2025/01/21 9:15:22 WET [2025/01/21 4:15:22 ET]
Table 'Gotz III' 6-max Seat #5 is the button
Seat 1: Slami4 ($158.22 in chips) 
Seat 2: antey89 ($101.52 in chips) 
Seat 3: KarP93 ($114.55 in chips) 
Seat 4: gukii ($49.89 in chips) 
Seat 5: steelNike ($123.83 in chips) 
Seat 6: 3EBC96 ($101.16 in chips) 
3EBC96: posts small blind $0.50
Slami4: posts big blind $1
*** HOLE CARDS ***
antey89: folds 
KarP93: folds 
gukii: calls $1
steelNike: folds 
3EBC96: folds 
Slami4: checks 
*** FLOP *** [5d 5h 3d]
Slami4: checks 
gukii: checks 
*** TURN *** [5d 5h 3d] [9c]
Slami4: bets $1.79
gukii: calls $1.79
*** RIVER *** [5d 5h 3d 9c] [Td]
Slami4: bets $3
gukii: raises $11.78 to $14.78
Slami4: folds 
Uncalled bet ($11.78) returned to gukii
gukii collected $11.48 from pot
*** SUMMARY ***
Total pot $12.08 | Rake $0.60 
Board [5d 5h 3d 9c Td]
Seat 1: Slami4 (big blind) folded on the River
Seat 2: antey89 folded before Flop (didn't bet)
Seat 3: KarP93 folded before Flop (didn't bet)
Seat 4: gukii collected ($11.48)
Seat 5: steelNike (button) folded before Flop (didn't bet)
Seat 6: 3EBC96 (small blind) folded before Flop



PokerStars Hand #254481514305:  Hold'em No Limit ($0.50/$1.00 USD) - 2025/01/21 9:16:07 WET [2025/01/21 4:16:07 ET]
Table 'Gotz III' 6-max Seat #6 is the button
Seat 1: Slami4 ($152.43 in chips) 
Seat 2: antey89 ($101.52 in chips) 
Seat 3: KarP93 ($114.55 in chips) 
Seat 4: gukii ($55.58 in chips) 
Seat 5: steelNike ($123.83 in chips) 
Seat 6: 3EBC96 ($100.66 in chips) 
Slami4: posts small blind $0.50
antey89: posts big blind $1
*** HOLE CARDS ***
KarP93: folds 
gukii: raises $4 to $5
steelNike: folds 
3EBC96: folds 
Slami4: folds 
antey89: folds 
Uncalled bet ($4) returned to gukii
gukii collected $2.50 from pot
*** SUMMARY ***
Total pot $2.50 | Rake $0 
Seat 1: Slami4 (small blind) folded before Flop
Seat 2: antey89 (big blind) folded before Flop
Seat 3: KarP93 folded before Flop (didn't bet)
Seat 4: gukii collected ($2.50)
Seat 5: steelNike folded before Flop (didn't bet)
Seat 6: 3EBC96 (button) folded before Flop (didn't bet)



PokerStars Hand #254481516008:  Hold'em No Limit ($0.50/$1.00 USD) - 2025/01/21 9:16:27 WET [2025/01/21 4:16:27 ET]
Table 'Gotz III' 6-max Seat #1 is the button
Seat 1: Slami4 ($151.93 in chips) 
Seat 2: antey89 ($100.52 in chips) 
Seat 3: KarP93 ($114.55 in chips) 
Seat 4: gukii ($57.08 in chips) 
Seat 5: steelNike ($123.83 in chips) 
Seat 6: 3EBC96 ($100.66 in chips) 
antey89: posts small blind $0.50
KarP93: posts big blind $1
*** HOLE CARDS ***
gukii: calls $1
steelNike: folds 
3EBC96: raises $2.50 to $3.50
Slami4: folds 
antey89: folds 
KarP93: folds 
gukii: calls $2.50
*** FLOP *** [5c Ac 7d]
gukii: checks 
3EBC96: bets $2.67
gukii: folds 
Uncalled bet ($2.67) returned to 3EBC96
3EBC96 collected $8.08 from pot
3EBC96: doesn't show hand 
*** SUMMARY ***
Total pot $8.50 | Rake $0.42 
Board [5c Ac 7d]
Seat 1: Slami4 (button) folded before Flop (didn't bet)
Seat 2: antey89 (small blind) folded before Flop
Seat 3: KarP93 (big blind) folded before Flop
Seat 4: gukii folded on the Flop
Seat 5: steelNike folded before Flop (didn't bet)
Seat 6: 3EBC96 collected ($8.08)



PokerStars Hand #254481518523:  Hold'em No Limit ($0.50/$1.00 USD) - 2025/01/21 9:16:56 WET [2025/01/21 4:16:56 ET]
Table 'Gotz III' 6-max Seat #2 is the button
Seat 1: Slami4 ($151.93 in chips) 
Seat 2: antey89 ($100.02 in chips) 
Seat 3: KarP93 ($113.55 in chips) 
Seat 4: gukii ($53.58 in chips) 
Seat 5: steelNike ($123.83 in chips) 
Seat 6: 3EBC96 ($105.24 in chips) 
KarP93: posts small blind $0.50
gukii: posts big blind $1
*** HOLE CARDS ***
steelNike: raises $1 to $2
3EBC96: folds 
Slami4: folds 
antey89: raises $5 to $7
KarP93: folds 
gukii: folds 
steelNike: raises $116.83 to $123.83 and is all-in
antey89: folds 
Uncalled bet ($116.83) returned to steelNike
steelNike collected $15.50 from pot
*** SUMMARY ***
Total pot $15.50 | Rake $0 
Seat 1: Slami4 folded before Flop (didn't bet)
Seat 2: antey89 (button) folded before Flop
Seat 3: KarP93 (small blind) folded before Flop
Seat 4: gukii (big blind) folded before Flop
Seat 5: steelNike collected ($15.50)
Seat 6: 3EBC96 folded before Flop (didn't bet)



PokerStars Hand #254481521979:  Hold'em No Limit ($0.50/$1.00 USD) - 2025/01/21 9:17:37 WET [2025/01/21 4:17:37 ET]
Table 'Gotz III' 6-max Seat #3 is the button
Seat 1: Slami4 ($151.93 in chips) 
Seat 2: antey89 ($100 in chips) 
Seat 3: KarP93 ($113.05 in chips) 
Seat 4: gukii ($52.58 in chips) 
Seat 5: steelNike ($132.33 in chips) 
Seat 6: 3EBC96 ($105.24 in chips) 
gukii: posts small blind $0.50
steelNike: posts big blind $1
*** HOLE CARDS ***
3EBC96: folds 
Slami4: folds 
antey89: folds 
KarP93: raises $1.50 to $2.50
gukii: calls $2
steelNike: folds 
*** FLOP *** [2s 7h 8c]
gukii: checks 
KarP93: bets $4.28
gukii: folds 
Uncalled bet ($4.28) returned to KarP93
KarP93 collected $5.70 from pot
KarP93: doesn't show hand 
*** SUMMARY ***
Total pot $6 | Rake $0.30 
Board [2s 7h 8c]
Seat 1: Slami4 folded before Flop (didn't bet)
Seat 2: antey89 folded before Flop (didn't bet)
Seat 3: KarP93 (button) collected ($5.70)
Seat 4: gukii (small blind) folded on the Flop
Seat 5: steelNike (big blind) folded before Flop
Seat 6: 3EBC96 folded before Flop (didn't bet)



PokerStars Hand #254481526685:  Hold'em No Limit ($0.50/$1.00 USD) - 2025/01/21 9:18:33 WET [2025/01/21 4:18:33 ET]
Table 'Gotz III' 6-max Seat #4 is the button
Seat 1: Slami4 ($151.93 in chips) 
Seat 2: antey89 ($100 in chips) 
Seat 3: KarP93 ($116.25 in chips) 
Seat 4: gukii ($50.08 in chips) 
Seat 5: steelNike ($131.33 in chips) 
Seat 6: 3EBC96 ($105.24 in chips) 
steelNike: posts small blind $0.50
3EBC96: posts big blind $1
*** HOLE CARDS ***
Slami4: folds 
antey89: folds 
KarP93: folds 
gukii: calls $1
steelNike: raises $6 to $7
3EBC96: folds 
gukii: calls $6
*** FLOP *** [5c Ac 7s]
steelNike: checks 
gukii: bets $14.25
steelNike: folds 
Uncalled bet ($14.25) returned to gukii
gukii collected $14.25 from pot
*** SUMMARY ***
Total pot $15 | Rake $0.75 
Board [5c Ac 7s]
Seat 1: Slami4 folded before Flop (didn't bet)
Seat 2: antey89 folded before Flop (didn't bet)
Seat 3: KarP93 folded before Flop (didn't bet)
Seat 4: gukii (button) collected ($14.25)
Seat 5: steelNike (small blind) folded on the Flop
Seat 6: 3EBC96 (big blind) folded before Flop



PokerStars Hand #254481529781:  Hold'em No Limit ($0.50/$1.00 USD) - 2025/01/21 9:19:09 WET [2025/01/21 4:19:09 ET]
Table 'Gotz III' 6-max Seat #5 is the button
Seat 1: Slami4 ($151.93 in chips) 
Seat 2: antey89 ($100 in chips) 
Seat 3: KarP93 ($116.25 in chips) 
Seat 4: gukii ($57.33 in chips) 
Seat 5: steelNike ($124.33 in chips) 
Seat 6: 3EBC96 ($104.24 in chips) 
3EBC96: posts small blind $0.50
Slami4: posts big blind $1
*** HOLE CARDS ***
antey89: folds 
KarP93: folds 
gukii: folds 
steelNike: raises $1.50 to $2.50
3EBC96: folds 
Slami4: folds 
Uncalled bet ($1.50) returned to steelNike
steelNike collected $2.50 from pot
*** SUMMARY ***
Total pot $2.50 | Rake $0 
Seat 1: Slami4 (big blind) folded before Flop
Seat 2: antey89 folded before Flop (didn't bet)
Seat 3: KarP93 folded before Flop (didn't bet)
Seat 4: gukii folded before Flop (didn't bet)
Seat 5: steelNike (button) collected ($2.50)
Seat 6: 3EBC96 (small blind) folded before Flop



PokerStars Hand #254481530868:  Hold'em No Limit ($0.50/$1.00 USD) - 2025/01/21 9:19:22 WET [2025/01/21 4:19:22 ET]
Table 'Gotz III' 6-max Seat #6 is the button
Seat 1: Slami4 ($150.93 in chips) 
Seat 2: antey89 ($100 in chips) 
Seat 3: KarP93 ($116.25 in chips) 
Seat 4: gukii ($57.33 in chips) 
Seat 5: steelNike ($125.83 in chips) 
Seat 6: 3EBC96 ($103.74 in chips) 
Slami4: posts small blind $0.50
antey89: posts big blind $1
*** HOLE CARDS ***
KarP93: folds 
gukii: folds 
steelNike: folds 
3EBC96: folds 
Slami4: folds 
Uncalled bet ($0.50) returned to antey89
antey89 collected $1 from pot
antey89: doesn't show hand 
*** SUMMARY ***
Total pot $1 | Rake $0 
Seat 1: Slami4 (small blind) folded before Flop
Seat 2: antey89 (big blind) collected ($1)
Seat 3: KarP93 folded before Flop (didn't bet)
Seat 4: gukii folded before Flop (didn't bet)
Seat 5: steelNike folded before Flop (didn't bet)
Seat 6: 3EBC96 (button) folded before Flop (didn't bet)



PokerStars Hand #254481532319:  Hold'em No Limit ($0.50/$1.00 USD) - 2025/01/21 9:19:39 WET [2025/01/21 4:19:39 ET]
Table 'Gotz III' 6-max Seat #1 is the button
Seat 1: Slami4 ($150.43 in chips) 
Seat 2: antey89 ($100.50 in chips) 
Seat 3: KarP93 ($116.25 in chips) 
Seat 4: gukii ($57.33 in chips) 
Seat 5: steelNike ($125.83 in chips) 
Seat 6: 3EBC96 ($103.74 in chips) 
antey89: posts small blind $0.50
KarP93: posts big blind $1
*** HOLE CARDS ***
gukii: folds 
steelNike: folds 
3EBC96: folds 
Slami4: folds 
antey89: raises $1.60 to $2.60
KarP93: folds 
Uncalled bet ($1.60) returned to antey89
antey89 collected $2 from pot
antey89: doesn't show hand 
*** SUMMARY ***
Total pot $2 | Rake $0 
Seat 1: Slami4 (button) folded before Flop (didn't bet)
Seat 2: antey89 (small blind) collected ($2)
Seat 3: KarP93 (big blind) folded before Flop
Seat 4: gukii folded before Flop (didn't bet)
Seat 5: steelNike folded before Flop (didn't bet)
Seat 6: 3EBC96 folded before Flop (didn't bet)



PokerStars Hand #254481534051:  Hold'em No Limit ($0.50/$1.00 USD) - 2025/01/21 9:20:00 WET [2025/01/21 4:20:00 ET]
Table 'Gotz III' 6-max Seat #2 is the button
Seat 1: Slami4 ($150.43 in chips) 
Seat 2: antey89 ($101.50 in chips) 
Seat 3: KarP93 ($115.25 in chips) 
Seat 4: gukii ($57.33 in chips) 
Seat 5: steelNike ($125.83 in chips) 
Seat 6: 3EBC96 ($103.74 in chips) 
KarP93: posts small blind $0.50
gukii: posts big blind $1
*** HOLE CARDS ***
steelNike: folds 
3EBC96: folds 
Slami4: folds 
antey89: folds 
KarP93: raises $2 to $3
gukii: folds 
Uncalled bet ($2) returned to KarP93
KarP93 collected $2 from pot
KarP93: doesn't show hand 
*** SUMMARY ***
Total pot $2 | Rake $0 
Seat 1: Slami4 folded before Flop (didn't bet)
Seat 2: antey89 (button) folded before Flop (didn't bet)
Seat 3: KarP93 (small blind) collected ($2)
Seat 4: gukii (big blind) folded before Flop
Seat 5: steelNike folded before Flop (didn't bet)
Seat 6: 3EBC96 folded before Flop (didn't bet)



PokerStars Hand #254481535554:  Hold'em No Limit ($0.50/$1.00 USD) - 2025/01/21 9:20:18 WET [2025/01/21 4:20:18 ET]
Table 'Gotz III' 6-max Seat #3 is the button
Seat 1: Slami4 ($150.43 in chips) 
Seat 2: antey89 ($101.50 in chips) 
Seat 3: KarP93 ($116.25 in chips) 
Seat 4: gukii ($56.33 in chips) 
Seat 5: steelNike ($125.83 in chips) 
Seat 6: 3EBC96 ($103.74 in chips) 
gukii: posts small blind $0.50
steelNike: posts big blind $1
*** HOLE CARDS ***
3EBC96: folds 
Slami4: folds 
antey89: raises $1.30 to $2.30
KarP93: folds 
gukii: folds 
steelNike: folds 
Uncalled bet ($1.30) returned to antey89
antey89 collected $2.50 from pot
antey89: doesn't show hand 
*** SUMMARY ***
Total pot $2.50 | Rake $0 
Seat 1: Slami4 folded before Flop (didn't bet)
Seat 2: antey89 collected ($2.50)
Seat 3: KarP93 (button) folded before Flop (didn't bet)
Seat 4: gukii (small blind) folded before Flop
Seat 5: steelNike (big blind) folded before Flop
Seat 6: 3EBC96 folded before Flop (didn't bet)



PokerStars Hand #254481538649:  Hold'em No Limit ($0.50/$1.00 USD) - 2025/01/21 9:20:53 WET [2025/01/21 4:20:53 ET]
Table 'Gotz III' 6-max Seat #4 is the button
Seat 1: Slami4 ($150.43 in chips) 
Seat 2: antey89 ($103 in chips) 
Seat 3: KarP93 ($116.25 in chips) 
Seat 4: gukii ($55.83 in chips) 
Seat 5: steelNike ($124.83 in chips) 
Seat 6: 3EBC96 ($103.74 in chips) 
steelNike: posts small blind $0.50
3EBC96: posts big blind $1
*** HOLE CARDS ***
Slami4: folds 
antey89: folds 
KarP93: folds 
gukii: folds 
steelNike: raises $2 to $3
3EBC96: calls $2
*** FLOP *** [Qh Tc Qc]
steelNike: bets $1.43
3EBC96: calls $1.43
*** TURN *** [Qh Tc Qc] [8s]
steelNike: checks 
gukii leaves the table
3EBC96: checks 
*** RIVER *** [Qh Tc Qc 8s] [9s]
steelNike: checks 
3EBC96: checks 
*** SHOW DOWN ***
steelNike: shows [9d Kh] (two pair, Queens and Nines)
3EBC96: shows [Ts Kc] (two pair, Queens and Tens)
3EBC96 collected $8.42 from pot
*** SUMMARY ***
Total pot $8.86 | Rake $0.44 
Board [Qh Tc Qc 8s 9s]
Seat 1: Slami4 folded before Flop (didn't bet)
Seat 2: antey89 folded before Flop (didn't bet)
Seat 3: KarP93 folded before Flop (didn't bet)
Seat 4: gukii (button) folded before Flop (didn't bet)
Seat 5: steelNike (small blind) showed [9d Kh] and lost with two pair, Queens and Nines
Seat 6: 3EBC96 (big blind) showed [Ts Kc] and won ($8.42) with two pair, Queens and Tens



PokerStars Hand #254481543948:  Hold'em No Limit ($0.50/$1.00 USD) - 2025/01/21 9:21:56 WET [2025/01/21 4:21:56 ET]
Table 'Gotz III' 6-max Seat #5 is the button
Seat 1: Slami4 ($150.43 in chips) 
Seat 2: antey89 ($103 in chips) 
Seat 3: KarP93 ($116.25 in chips) 
Seat 5: steelNike ($120.40 in chips) 
Seat 6: 3EBC96 ($107.73 in chips) 
3EBC96: posts small blind $0.50
Slami4: posts big blind $1
*** HOLE CARDS ***
Pacifistas joins the table at seat #4 
antey89: folds 
KarP93: folds 
steelNike: raises $1.50 to $2.50
3EBC96: folds 
Slami4: calls $1.50
*** FLOP *** [5d 8s 7s]
Slami4: checks 
steelNike: checks 
*** TURN *** [5d 8s 7s] [3s]
Slami4: checks 
steelNike: bets $3.92
Slami4: folds 
Uncalled bet ($3.92) returned to steelNike
steelNike collected $5.22 from pot
*** SUMMARY ***
Total pot $5.50 | Rake $0.28 
Board [5d 8s 7s 3s]
Seat 1: Slami4 (big blind) folded on the Turn
Seat 2: antey89 folded before Flop (didn't bet)
Seat 3: KarP93 folded before Flop (didn't bet)
Seat 5: steelNike (button) collected ($5.22)
Seat 6: 3EBC96 (small blind) folded before Flop



PokerStars Hand #254481548252:  Hold'em No Limit ($0.50/$1.00 USD) - 2025/01/21 9:22:47 WET [2025/01/21 4:22:47 ET]
Table 'Gotz III' 6-max Seat #6 is the button
Seat 4: Pacifistas ($100 in chips) is sitting out
Seat 1: Slami4 ($147.93 in chips) 
Seat 2: antey89 ($103 in chips) 
Seat 3: KarP93 ($116.25 in chips) 
Seat 5: steelNike ($123.12 in chips) 
Seat 6: 3EBC96 ($107.23 in chips) 
Slami4: posts small blind $0.50
antey89: posts big blind $1
Pacifistas: sits out 
*** HOLE CARDS ***
KarP93: folds 
steelNike: folds 
3EBC96: raises $1.50 to $2.50
Slami4: folds 
antey89: raises $9.50 to $12
3EBC96: folds 
Uncalled bet ($9.50) returned to antey89
antey89 collected $5.50 from pot
antey89: doesn't show hand 
*** SUMMARY ***
Total pot $5.50 | Rake $0 
Seat 4: Pacifistas
Seat 1: Slami4 (small blind) folded before Flop
Seat 2: antey89 (big blind) collected ($5.50)
Seat 3: KarP93 folded before Flop (didn't bet)
Seat 5: steelNike folded before Flop (didn't bet)
Seat 6: 3EBC96 (button) folded before Flop



PokerStars Hand #254481550568:  Hold'em No Limit ($0.50/$1.00 USD) - 2025/01/21 9:23:13 WET [2025/01/21 4:23:13 ET]
Table 'Gotz III' 6-max Seat #1 is the button
Seat 3: KarP93 ($116.25 in chips) is sitting out
Seat 1: Slami4 ($147.43 in chips) 
Seat 2: antey89 ($106 in chips) 
Seat 4: Pacifistas ($100 in chips) 
Seat 5: steelNike ($123.12 in chips) 
Seat 6: 3EBC96 ($104.73 in chips) 
antey89: posts small blind $0.50
KarP93: is sitting out 
Pacifistas: posts big blind $1
*** HOLE CARDS ***
steelNike: folds 
steelNike leaves the table
3EBC96: raises $1.50 to $2.50
Slami4: folds 
antey89: raises $9.50 to $12
Pacifistas: folds 
3EBC96: folds 
Uncalled bet ($9.50) returned to antey89
antey89 collected $6 from pot
antey89: doesn't show hand 
*** SUMMARY ***
Total pot $6 | Rake $0 
Seat 3: KarP93
Seat 1: Slami4 (button) folded before Flop (didn't bet)
Seat 2: antey89 (small blind) collected ($6)
Seat 4: Pacifistas (big blind) folded before Flop
Seat 5: steelNike folded before Flop (didn't bet)
Seat 6: 3EBC96 folded before Flop



PokerStars Hand #254481664881:  Hold'em No Limit ($0.50/$1.00 USD) - 2025/01/21 9:44:26 WET [2025/01/21 4:44:26 ET]
Table 'Gotz III' 6-max Seat #4 is the button
Seat 3: KarP93 ($116.25 in chips) is sitting out
Seat 1: jeffy27dt1 ($100 in chips) 
Seat 4: Pacifistas ($100 in chips) 
Pacifistas: posts small blind $0.50
jeffy27dt1: posts big blind $1
*** HOLE CARDS ***
Pacifistas: raises $1 to $2
jeffy27dt1: calls $1
*** FLOP *** [Js 6h 7c]
jeffy27dt1: checks 
Pacifistas: bets $1.25
jeffy27dt1: raises $4.75 to $6
Pacifistas: calls $4.75
*** TURN *** [Js 6h 7c] [Th]
jeffy27dt1: bets $19
Pacifistas: calls $19
*** RIVER *** [Js 6h 7c Th] [Jc]
jeffy27dt1: bets $73 and is all-in
Pacifistas: folds 
Uncalled bet ($73) returned to jeffy27dt1
jeffy27dt1 collected $53 from pot
jeffy27dt1: doesn't show hand 
*** SUMMARY ***
Total pot $54 | Rake $1 
Board [Js 6h 7c Th Jc]
Seat 3: KarP93
Seat 1: jeffy27dt1 (big blind) collected ($53)
Seat 4: Pacifistas (button) (small blind) folded on the River



PokerStars Hand #254481674650:  Hold'em No Limit ($0.50/$1.00 USD) - 2025/01/21 9:46:03 WET [2025/01/21 4:46:03 ET]
Table 'Gotz III' 6-max Seat #1 is the button
Seat 3: KarP93 ($116.25 in chips) is sitting out
Seat 1: jeffy27dt1 ($126 in chips) 
Seat 4: Pacifistas ($100 in chips) 
jeffy27dt1: posts small blind $0.50
Pacifistas: posts big blind $1
*** HOLE CARDS ***
jeffy27dt1: raises $1.50 to $2.50
Pacifistas: folds 
Uncalled bet ($1.50) returned to jeffy27dt1
jeffy27dt1 collected $2 from pot
jeffy27dt1: doesn't show hand 
*** SUMMARY ***
Total pot $2 | Rake $0 
Seat 3: KarP93
Seat 1: jeffy27dt1 (button) (small blind) collected ($2)
Seat 4: Pacifistas (big blind) folded before Flop



PokerStars Hand #254481676381:  Hold'em No Limit ($0.50/$1.00 USD) - 2025/01/21 9:46:21 WET [2025/01/21 4:46:21 ET]
Table 'Gotz III' 6-max Seat #4 is the button
Seat 3: KarP93 ($116.25 in chips) is sitting out
Seat 1: jeffy27dt1 ($127 in chips) 
Seat 4: Pacifistas ($100 in chips) 
Pacifistas: posts small blind $0.50
jeffy27dt1: posts big blind $1
*** HOLE CARDS ***
Pacifistas: raises $1 to $2
jeffy27dt1: calls $1
*** FLOP *** [2d 8h 9c]
jeffy27dt1: checks 
Pacifistas: bets $1.25
jeffy27dt1: folds 
Uncalled bet ($1.25) returned to Pacifistas
Pacifistas collected $3.80 from pot
Pacifistas: doesn't show hand 
*** SUMMARY ***
Total pot $4 | Rake $0.20 
Board [2d 8h 9c]
Seat 3: KarP93
Seat 1: jeffy27dt1 (big blind) folded on the Flop
Seat 4: Pacifistas (button) (small blind) collected ($3.80)



PokerStars Hand #254481993681:  Hold'em No Limit ($0.50/$1.00 USD) - 2025/01/21 10:38:09 WET [2025/01/21 5:38:09 ET]
Table 'Gotz III' 6-max Seat #4 is the button
Seat 2: blistein ($100 in chips) is sitting out
Seat 4: m1lkdud ($102.83 in chips) 
Seat 5: gudrozd ($101.20 in chips) 
Seat 6: Pippa83 ($104.22 in chips) 
gudrozd: posts small blind $0.50
Pippa83: posts big blind $1
blistein: sits out 
*** HOLE CARDS ***
m1lkdud: folds 
gudrozd: raises $2 to $3
Pippa83: folds 
Uncalled bet ($2) returned to gudrozd
gudrozd collected $2 from pot
gudrozd: doesn't show hand 
*** SUMMARY ***
Total pot $2 | Rake $0 
Seat 2: blistein
Seat 4: m1lkdud (button) folded before Flop (didn't bet)
Seat 5: gudrozd (small blind) collected ($2)
Seat 6: Pippa83 (big blind) folded before Flop



PokerStars Hand #254481994840:  Hold'em No Limit ($0.50/$1.00 USD) - 2025/01/21 10:38:19 WET [2025/01/21 5:38:19 ET]
Table 'Gotz III' 6-max Seat #5 is the button
Seat 2: blistein ($100 in chips) 
Seat 4: m1lkdud ($102.83 in chips) 
Seat 5: gudrozd ($102.20 in chips) 
Seat 6: Pippa83 ($103.22 in chips) 
Pippa83: posts small blind $0.50
blistein: posts big blind $1
*** HOLE CARDS ***
m1lkdud: folds 
gudrozd: folds 
Pippa83: folds 
Uncalled bet ($0.50) returned to blistein
blistein collected $1 from pot
blistein: doesn't show hand 
*** SUMMARY ***
Total pot $1 | Rake $0 
Seat 2: blistein (big blind) collected ($1)
Seat 4: m1lkdud folded before Flop (didn't bet)
Seat 5: gudrozd (button) folded before Flop (didn't bet)
Seat 6: Pippa83 (small blind) folded before Flop



PokerStars Hand #254481995789:  Hold'em No Limit ($0.50/$1.00 USD) - 2025/01/21 10:38:28 WET [2025/01/21 5:38:28 ET]
Table 'Gotz III' 6-max Seat #6 is the button
Seat 2: blistein ($100.50 in chips) 
Seat 4: m1lkdud ($102.83 in chips) 
Seat 5: gudrozd ($102.20 in chips) 
Seat 6: Pippa83 ($102.72 in chips) 
blistein: posts small blind $0.50
m1lkdud: posts big blind $1
*** HOLE CARDS ***
gudrozd: raises $1.50 to $2.50
Pippa83: folds 
blistein: folds 
m1lkdud: folds 
Uncalled bet ($1.50) returned to gudrozd
gudrozd collected $2.50 from pot
gudrozd: doesn't show hand 
*** SUMMARY ***
Total pot $2.50 | Rake $0 
Seat 2: blistein (small blind) folded before Flop
Seat 4: m1lkdud (big blind) folded before Flop
Seat 5: gudrozd collected ($2.50)
Seat 6: Pippa83 (button) folded before Flop (didn't bet)



PokerStars Hand #254481997438:  Hold'em No Limit ($0.50/$1.00 USD) - 2025/01/21 10:38:43 WET [2025/01/21 5:38:43 ET]
Table 'Gotz III' 6-max Seat #2 is the button
Seat 2: blistein ($100 in chips) 
Seat 4: m1lkdud ($101.83 in chips) 
Seat 5: gudrozd ($103.70 in chips) 
Seat 6: Pippa83 ($102.72 in chips) 
m1lkdud: posts small blind $0.50
gudrozd: posts big blind $1
*** HOLE CARDS ***
Pippa83: raises $1.50 to $2.50
blistein: folds 
m1lkdud: folds 
gudrozd: folds 
Uncalled bet ($1.50) returned to Pippa83
Pippa83 collected $2.50 from pot
Pippa83: doesn't show hand 
*** SUMMARY ***
Total pot $2.50 | Rake $0 
Seat 2: blistein (button) folded before Flop (didn't bet)
Seat 4: m1lkdud (small blind) folded before Flop
Seat 5: gudrozd (big blind) folded before Flop
Seat 6: Pippa83 collected ($2.50)



PokerStars Hand #254481998909:  Hold'em No Limit ($0.50/$1.00 USD) - 2025/01/21 10:38:57 WET [2025/01/21 5:38:57 ET]
Table 'Gotz III' 6-max Seat #4 is the button
Seat 2: blistein ($100 in chips) 
Seat 4: m1lkdud ($101.33 in chips) 
Seat 5: gudrozd ($102.70 in chips) 
Seat 6: Pippa83 ($104.22 in chips) 
gudrozd: posts small blind $0.50
Pippa83: posts big blind $1
*** HOLE CARDS ***
blistein: raises $1.30 to $2.30
m1lkdud: folds 
gudrozd: folds 
Pippa83: folds 
Uncalled bet ($1.30) returned to blistein
blistein collected $2.50 from pot
blistein: doesn't show hand 
*** SUMMARY ***
Total pot $2.50 | Rake $0 
Seat 2: blistein collected ($2.50)
Seat 4: m1lkdud (button) folded before Flop (didn't bet)
Seat 5: gudrozd (small blind) folded before Flop
Seat 6: Pippa83 (big blind) folded before Flop



PokerStars Hand #254482000376:  Hold'em No Limit ($0.50/$1.00 USD) - 2025/01/21 10:39:10 WET [2025/01/21 5:39:10 ET]
Table 'Gotz III' 6-max Seat #5 is the button
Seat 2: blistein ($101.50 in chips) 
Seat 4: m1lkdud ($101.33 in chips) 
Seat 5: gudrozd ($102.20 in chips) 
Seat 6: Pippa83 ($103.22 in chips) 
Pippa83: posts small blind $0.50
blistein: posts big blind $1
*** HOLE CARDS ***
m1lkdud: raises $2.50 to $3.50
gudrozd: folds 
Pippa83: raises $8 to $11.50
blistein: folds 
m1lkdud: calls $8
*** FLOP *** [Jc 8h 7h]
Pippa83: checks 
m1lkdud: checks 
*** TURN *** [Jc 8h 7h] [8d]
Pippa83: checks 
m1lkdud: checks 
*** RIVER *** [Jc 8h 7h 8d] [Td]
Pippa83: checks 
m1lkdud: checks 
*** SHOW DOWN ***
Pippa83: shows [Th Ac] (two pair, Tens and Eights)
m1lkdud: mucks hand 
Pippa83 collected $23 from pot
*** SUMMARY ***
Total pot $24 | Rake $1 
Board [Jc 8h 7h 8d Td]
Seat 2: blistein (big blind) folded before Flop
Seat 4: m1lkdud mucked
Seat 5: gudrozd (button) folded before Flop (didn't bet)
Seat 6: Pippa83 (small blind) showed [Th Ac] and won ($23) with two pair, Tens and Eights



PokerStars Hand #254482005228:  Hold'em No Limit ($0.50/$1.00 USD) - 2025/01/21 10:39:54 WET [2025/01/21 5:39:54 ET]
Table 'Gotz III' 6-max Seat #6 is the button
Seat 2: blistein ($100.50 in chips) 
Seat 4: m1lkdud ($89.83 in chips) 
Seat 5: gudrozd ($102.20 in chips) 
Seat 6: Pippa83 ($114.72 in chips) 
blistein: posts small blind $0.50
m1lkdud: posts big blind $1
*** HOLE CARDS ***
gudrozd: folds 
Pippa83: folds 
blistein: calls $0.50
m1lkdud: checks 
*** FLOP *** [4s 9h 9s]
blistein: checks 
m1lkdud: checks 
*** TURN *** [4s 9h 9s] [3h]
blistein: checks 
m1lkdud: bets $1.90
blistein: calls $1.90
*** RIVER *** [4s 9h 9s 3h] [8d]
Fincike7 joins the table at seat #1 
blistein: checks 
m1lkdud: checks 
*** SHOW DOWN ***
blistein: shows [Kh 7h] (a pair of Nines)
m1lkdud: shows [4c 7c] (two pair, Nines and Fours)
m1lkdud collected $5.51 from pot
*** SUMMARY ***
Total pot $5.80 | Rake $0.29 
Board [4s 9h 9s 3h 8d]
Seat 2: blistein (small blind) showed [Kh 7h] and lost with a pair of Nines
Seat 4: m1lkdud (big blind) showed [4c 7c] and won ($5.51) with two pair, Nines and Fours
Seat 5: gudrozd folded before Flop (didn't bet)
Seat 6: Pippa83 (button) folded before Flop (didn't bet)



PokerStars Hand #254482008334:  Hold'em No Limit ($0.50/$1.00 USD) - 2025/01/21 10:40:23 WET [2025/01/21 5:40:23 ET]
Table 'Gotz III' 6-max Seat #2 is the button
Seat 1: Fincike7 ($40 in chips) is sitting out
Seat 2: blistein ($100 in chips) 
Seat 4: m1lkdud ($92.44 in chips) 
Seat 5: gudrozd ($102.20 in chips) 
Seat 6: Pippa83 ($114.72 in chips) 
m1lkdud: posts small blind $0.50
gudrozd: posts big blind $1
Fincike7: sits out 
*** HOLE CARDS ***
Pippa83: raises $1.50 to $2.50
blistein: folds 
m1lkdud: folds 
gudrozd: folds 
Uncalled bet ($1.50) returned to Pippa83
Pippa83 collected $2.50 from pot
Pippa83: doesn't show hand 
*** SUMMARY ***
Total pot $2.50 | Rake $0 
Seat 1: Fincike7
Seat 2: blistein (button) folded before Flop (didn't bet)
Seat 4: m1lkdud (small blind) folded before Flop
Seat 5: gudrozd (big blind) folded before Flop
Seat 6: Pippa83 collected ($2.50)



PokerStars Hand #254482009298:  Hold'em No Limit ($0.50/$1.00 USD) - 2025/01/21 10:40:32 WET [2025/01/21 5:40:32 ET]
Table 'Gotz III' 6-max Seat #4 is the button
Seat 1: Fincike7 ($40 in chips) is sitting out
Seat 2: blistein ($100 in chips) 
Seat 4: m1lkdud ($91.94 in chips) 
Seat 5: gudrozd ($101.20 in chips) 
Seat 6: Pippa83 ($116.22 in chips) 
gudrozd: posts small blind $0.50
Pippa83: posts big blind $1
Fincike7: sits out 
*** HOLE CARDS ***
blistein: folds 
m1lkdud: folds 
Twistenko joins the table at seat #3 
gudrozd: raises $2 to $3
Pippa83: calls $2
*** FLOP *** [6h 7d Ac]
gudrozd: bets $1.43
Pippa83: raises $3.57 to $5
gudrozd: calls $3.57
*** TURN *** [6h 7d Ac] [Ah]
gudrozd: checks 
Pippa83: checks 
*** RIVER *** [6h 7d Ac Ah] [2s]
gudrozd: bets $5.02
Pippa83: folds 
Uncalled bet ($5.02) returned to gudrozd
gudrozd collected $15.20 from pot
gudrozd: doesn't show hand 
*** SUMMARY ***
Total pot $16 | Rake $0.80 
Board [6h 7d Ac Ah 2s]
Seat 1: Fincike7
Seat 2: blistein folded before Flop (didn't bet)
Seat 4: m1lkdud (button) folded before Flop (didn't bet)
Seat 5: gudrozd (small blind) collected ($15.20)
Seat 6: Pippa83 (big blind) folded on the River



PokerStars Hand #254482017055:  Hold'em No Limit ($0.50/$1.00 USD) - 2025/01/21 10:41:44 WET [2025/01/21 5:41:44 ET]
Table 'Gotz III' 6-max Seat #5 is the button
Seat 3: Twistenko ($100 in chips) is sitting out
Seat 1: Fincike7 ($40 in chips) 
Seat 2: blistein ($100 in chips) 
Seat 4: m1lkdud ($91.94 in chips) 
Seat 5: gudrozd ($108.40 in chips) 
Seat 6: Pippa83 ($108.22 in chips) 
Pippa83: posts small blind $0.50
Fincike7: posts big blind $1
Twistenko: sits out 
*** HOLE CARDS ***
blistein: folds 
m1lkdud: folds 
gudrozd: raises $1.50 to $2.50
Pippa83: folds 
Fincike7: calls $1.50
*** FLOP *** [Jh 9h 6d]
Fincike7: checks 
gudrozd: checks 
*** TURN *** [Jh 9h 6d] [8h]
Fincike7: checks 
gudrozd: checks 
*** RIVER *** [Jh 9h 6d 8h] [5c]
Fincike7: bets $2
gudrozd: calls $2
*** SHOW DOWN ***
Fincike7: shows [Ts Jc] (a pair of Jacks)
gudrozd: shows [Kd 7d] (a straight, Five to Nine)
gudrozd collected $9.02 from pot
*** SUMMARY ***
Total pot $9.50 | Rake $0.48 
Board [Jh 9h 6d 8h 5c]
Seat 3: Twistenko
Seat 1: Fincike7 (big blind) showed [Ts Jc] and lost with a pair of Jacks
Seat 2: blistein folded before Flop (didn't bet)
Seat 4: m1lkdud folded before Flop (didn't bet)
Seat 5: gudrozd (button) showed [Kd 7d] and won ($9.02) with a straight, Five to Nine
Seat 6: Pippa83 (small blind) folded before Flop



PokerStars Hand #254482022040:  Hold'em No Limit ($0.50/$1.00 USD) - 2025/01/21 10:42:30 WET [2025/01/21 5:42:30 ET]
Table 'Gotz III' 6-max Seat #6 is the button
Seat 3: Twistenko ($100 in chips) is sitting out
Seat 1: Fincike7 ($35.50 in chips) 
Seat 2: blistein ($100 in chips) 
Seat 4: m1lkdud ($91.94 in chips) 
Seat 5: gudrozd ($112.92 in chips) 
Seat 6: Pippa83 ($107.72 in chips) 
Fincike7: posts small blind $0.50
blistein: posts big blind $1
Twistenko: sits out 
*** HOLE CARDS ***
m1lkdud: folds 
gudrozd: raises $1.50 to $2.50
Pippa83: folds 
Fincike7: folds 
blistein: folds 
Uncalled bet ($1.50) returned to gudrozd
gudrozd collected $2.50 from pot
gudrozd: doesn't show hand 
*** SUMMARY ***
Total pot $2.50 | Rake $0 
Seat 3: Twistenko
Seat 1: Fincike7 (small blind) folded before Flop
Seat 2: blistein (big blind) folded before Flop
Seat 4: m1lkdud folded before Flop (didn't bet)
Seat 5: gudrozd collected ($2.50)
Seat 6: Pippa83 (button) folded before Flop (didn't bet)



PokerStars Hand #254482024000:  Hold'em No Limit ($0.50/$1.00 USD) - 2025/01/21 10:42:48 WET [2025/01/21 5:42:48 ET]
Table 'Gotz III' 6-max Seat #1 is the button
Seat 1: Fincike7 ($35 in chips) 
Seat 2: blistein ($100 in chips) 
Seat 3: Twistenko ($100 in chips) 
Seat 4: m1lkdud ($91.94 in chips) 
Seat 5: gudrozd ($114.42 in chips) 
Seat 6: Pippa83 ($107.72 in chips) 
blistein: posts small blind $0.50
Twistenko: posts big blind $1
*** HOLE CARDS ***
m1lkdud: folds 
gudrozd: folds 
Pippa83: folds 
Fincike7: folds 
blistein: folds 
Uncalled bet ($0.50) returned to Twistenko
Twistenko collected $1 from pot
Twistenko: doesn't show hand 
*** SUMMARY ***
Total pot $1 | Rake $0 
Seat 1: Fincike7 (button) folded before Flop (didn't bet)
Seat 2: blistein (small blind) folded before Flop
Seat 3: Twistenko (big blind) collected ($1)
Seat 4: m1lkdud folded before Flop (didn't bet)
Seat 5: gudrozd folded before Flop (didn't bet)
Seat 6: Pippa83 folded before Flop (didn't bet)



PokerStars Hand #254482025200:  Hold'em No Limit ($0.50/$1.00 USD) - 2025/01/21 10:42:58 WET [2025/01/21 5:42:58 ET]
Table 'Gotz III' 6-max Seat #2 is the button
Seat 1: Fincike7 ($35 in chips) 
Seat 2: blistein ($100 in chips) 
Seat 3: Twistenko ($100.50 in chips) 
Seat 4: m1lkdud ($100 in chips) 
Seat 5: gudrozd ($114.42 in chips) 
Seat 6: Pippa83 ($107.72 in chips) 
Twistenko: posts small blind $0.50
m1lkdud: posts big blind $1
*** HOLE CARDS ***
gudrozd: folds 
Pippa83: folds 
Fincike7: folds 
blistein: raises $1.50 to $2.50
Twistenko: folds 
m1lkdud: folds 
Uncalled bet ($1.50) returned to blistein
blistein collected $2.50 from pot
blistein: doesn't show hand 
*** SUMMARY ***
Total pot $2.50 | Rake $0 
Seat 1: Fincike7 folded before Flop (didn't bet)
Seat 2: blistein (button) collected ($2.50)
Seat 3: Twistenko (small blind) folded before Flop
Seat 4: m1lkdud (big blind) folded before Flop
Seat 5: gudrozd folded before Flop (didn't bet)
Seat 6: Pippa83 folded before Flop (didn't bet)



PokerStars Hand #254482026917:  Hold'em No Limit ($0.50/$1.00 USD) - 2025/01/21 10:43:14 WET [2025/01/21 5:43:14 ET]
Table 'Gotz III' 6-max Seat #3 is the button
Seat 1: Fincike7 ($35 in chips) 
Seat 2: blistein ($101.50 in chips) 
Seat 3: Twistenko ($100 in chips) 
Seat 4: m1lkdud ($99 in chips) 
Seat 5: gudrozd ($114.42 in chips) 
Seat 6: Pippa83 ($107.72 in chips) 
m1lkdud: posts small blind $0.50
gudrozd: posts big blind $1
*** HOLE CARDS ***
Pippa83: folds 
Fincike7: folds 
blistein: folds 
Twistenko: raises $1.50 to $2.50
m1lkdud: calls $2
gudrozd: folds 
*** FLOP *** [3h Ah 7c]
m1lkdud: checks 
Twistenko: bets $5.70
m1lkdud: folds 
Uncalled bet ($5.70) returned to Twistenko
Twistenko collected $5.70 from pot
Twistenko: doesn't show hand 
*** SUMMARY ***
Total pot $6 | Rake $0.30 
Board [3h Ah 7c]
Seat 1: Fincike7 folded before Flop (didn't bet)
Seat 2: blistein folded before Flop (didn't bet)
Seat 3: Twistenko (button) collected ($5.70)
Seat 4: m1lkdud (small blind) folded on the Flop
Seat 5: gudrozd (big blind) folded before Flop
Seat 6: Pippa83 folded before Flop (didn't bet)



PokerStars Hand #254482030587:  Hold'em No Limit ($0.50/$1.00 USD) - 2025/01/21 10:43:48 WET [2025/01/21 5:43:48 ET]
Table 'Gotz III' 6-max Seat #4 is the button
Seat 1: Fincike7 ($35 in chips) 
Seat 2: blistein ($101.50 in chips) 
Seat 3: Twistenko ($103.20 in chips) 
Seat 4: m1lkdud ($96.50 in chips) 
Seat 5: gudrozd ($113.42 in chips) 
Seat 6: Pippa83 ($107.72 in chips) 
gudrozd: posts small blind $0.50
Pippa83: posts big blind $1
*** HOLE CARDS ***
Fincike7: folds 
blistein: folds 
Twistenko: folds 
m1lkdud: folds 
gudrozd: folds 
Uncalled bet ($0.50) returned to Pippa83
Pippa83 collected $1 from pot
Pippa83: doesn't show hand 
*** SUMMARY ***
Total pot $1 | Rake $0 
Seat 1: Fincike7 folded before Flop (didn't bet)
Seat 2: blistein folded before Flop (didn't bet)
Seat 3: Twistenko folded before Flop (didn't bet)
Seat 4: m1lkdud (button) folded before Flop (didn't bet)
Seat 5: gudrozd (small blind) folded before Flop
Seat 6: Pippa83 (big blind) collected ($1)



PokerStars Hand #254482032304:  Hold'em No Limit ($0.50/$1.00 USD) - 2025/01/21 10:44:05 WET [2025/01/21 5:44:05 ET]
Table 'Gotz III' 6-max Seat #5 is the button
Seat 1: Fincike7 ($35 in chips) 
Seat 2: blistein ($101.50 in chips) 
Seat 3: Twistenko ($103.20 in chips) 
Seat 4: m1lkdud ($96.50 in chips) 
Seat 5: gudrozd ($112.92 in chips) 
Seat 6: Pippa83 ($108.22 in chips) 
Pippa83: posts small blind $0.50
Fincike7: posts big blind $1
*** HOLE CARDS ***
blistein: folds 
Twistenko: folds 
m1lkdud: folds 
gudrozd: folds 
Pippa83: raises $2 to $3
Fincike7: calls $2
*** FLOP *** [5s 8c 7s]
Pippa83: checks 
Fincike7: bets $2.85
Pippa83: raises $9.15 to $12
Fincike7: calls $9.15
*** TURN *** [5s 8c 7s] [As]
Pippa83: bets $21.38
Fincike7: folds 
Uncalled bet ($21.38) returned to Pippa83
Pippa83 collected $28.50 from pot
Pippa83: doesn't show hand 
*** SUMMARY ***
Total pot $30 | Rake $1.50 
Board [5s 8c 7s As]
Seat 1: Fincike7 (big blind) folded on the Turn
Seat 2: blistein folded before Flop (didn't bet)
Seat 3: Twistenko folded before Flop (didn't bet)
Seat 4: m1lkdud folded before Flop (didn't bet)
Seat 5: gudrozd (button) folded before Flop (didn't bet)
Seat 6: Pippa83 (small blind) collected ($28.50)



PokerStars Hand #254482035335:  Hold'em No Limit ($0.50/$1.00 USD) - 2025/01/21 10:44:33 WET [2025/01/21 5:44:33 ET]
Table 'Gotz III' 6-max Seat #1 is the button
Seat 6: Pippa83 ($121.72 in chips) is sitting out
Seat 1: Fincike7 ($20 in chips) 
Seat 2: blistein ($101.50 in chips) 
Seat 3: Twistenko ($103.20 in chips) 
Seat 4: m1lkdud ($96.50 in chips) 
Seat 5: gudrozd ($112.92 in chips) 
blistein: posts small blind $0.50
Twistenko: posts big blind $1
*** HOLE CARDS ***
m1lkdud: raises $2.50 to $3.50
gudrozd: folds 
Fincike7: folds 
blistein: folds 
Twistenko: folds 
Uncalled bet ($2.50) returned to m1lkdud
m1lkdud collected $2.50 from pot
*** SUMMARY ***
Total pot $2.50 | Rake $0 
Seat 6: Pippa83
Seat 1: Fincike7 (button) folded before Flop (didn't bet)
Seat 2: blistein (small blind) folded before Flop
Seat 3: Twistenko (big blind) folded before Flop
Seat 4: m1lkdud collected ($2.50)
Seat 5: gudrozd folded before Flop (didn't bet)



PokerStars Hand #254482036670:  Hold'em No Limit ($0.50/$1.00 USD) - 2025/01/21 10:44:45 WET [2025/01/21 5:44:45 ET]
Table 'Gotz III' 6-max Seat #2 is the button
Seat 6: Pippa83 ($121.72 in chips) is sitting out
Seat 1: Fincike7 ($20 in chips) 
Seat 2: blistein ($101 in chips) 
Seat 3: Twistenko ($102.20 in chips) 
Seat 4: m1lkdud ($98 in chips) 
Seat 5: gudrozd ($112.92 in chips) 
Twistenko: posts small blind $0.50
m1lkdud: posts big blind $1
*** HOLE CARDS ***
gudrozd: raises $1.50 to $2.50
Fincike7: folds 
blistein: folds 
Twistenko: folds 
m1lkdud: folds 
Uncalled bet ($1.50) returned to gudrozd
gudrozd collected $2.50 from pot
gudrozd: doesn't show hand 
*** SUMMARY ***
Total pot $2.50 | Rake $0 
Seat 6: Pippa83
Seat 1: Fincike7 folded before Flop (didn't bet)
Seat 2: blistein (button) folded before Flop (didn't bet)
Seat 3: Twistenko (small blind) folded before Flop
Seat 4: m1lkdud (big blind) folded before Flop
Seat 5: gudrozd collected ($2.50)



PokerStars Hand #254482038286:  Hold'em No Limit ($0.50/$1.00 USD) - 2025/01/21 10:44:59 WET [2025/01/21 5:44:59 ET]
Table 'Gotz III' 6-max Seat #3 is the button
Seat 6: Pippa83 ($121.72 in chips) is sitting out
Seat 1: Fincike7 ($20 in chips) 
Seat 2: blistein ($101 in chips) 
Seat 3: Twistenko ($101.70 in chips) 
Seat 4: m1lkdud ($97 in chips) 
Seat 5: gudrozd ($114.42 in chips) 
m1lkdud: posts small blind $0.50
gudrozd: posts big blind $1
*** HOLE CARDS ***
Fincike7: folds 
blistein: raises $1.30 to $2.30
Twistenko: folds 
m1lkdud: folds 
gudrozd: folds 
Uncalled bet ($1.30) returned to blistein
blistein collected $2.50 from pot
blistein: doesn't show hand 
*** SUMMARY ***
Total pot $2.50 | Rake $0 
Seat 6: Pippa83
Seat 1: Fincike7 folded before Flop (didn't bet)
Seat 2: blistein collected ($2.50)
Seat 3: Twistenko (button) folded before Flop (didn't bet)
Seat 4: m1lkdud (small blind) folded before Flop
Seat 5: gudrozd (big blind) folded before Flop



PokerStars Hand #254482039790:  Hold'em No Limit ($0.50/$1.00 USD) - 2025/01/21 10:45:14 WET [2025/01/21 5:45:14 ET]
Table 'Gotz III' 6-max Seat #4 is the button
Seat 6: Pippa83 ($121.72 in chips) is sitting out
Seat 1: Fincike7 ($20 in chips) 
Seat 2: blistein ($102.50 in chips) 
Seat 3: Twistenko ($101.70 in chips) 
Seat 4: m1lkdud ($96.50 in chips) 
Seat 5: gudrozd ($113.42 in chips) 
gudrozd: posts small blind $0.50
Fincike7: posts big blind $1
*** HOLE CARDS ***
blistein: folds 
Twistenko: folds 
m1lkdud: folds 
gudrozd: raises $2 to $3
Fincike7: folds 
Uncalled bet ($2) returned to gudrozd
gudrozd collected $2 from pot
gudrozd: doesn't show hand 
*** SUMMARY ***
Total pot $2 | Rake $0 
Seat 6: Pippa83
Seat 1: Fincike7 (big blind) folded before Flop
Seat 2: blistein folded before Flop (didn't bet)
Seat 3: Twistenko folded before Flop (didn't bet)
Seat 4: m1lkdud (button) folded before Flop (didn't bet)
Seat 5: gudrozd (small blind) collected ($2)



PokerStars Hand #254482040956:  Hold'em No Limit ($0.50/$1.00 USD) - 2025/01/21 10:45:25 WET [2025/01/21 5:45:25 ET]
Table 'Gotz III' 6-max Seat #5 is the button
Seat 6: Pippa83 ($121.72 in chips) is sitting out
Seat 1: Fincike7 ($19 in chips) 
Seat 2: blistein ($102.50 in chips) 
Seat 3: Twistenko ($101.70 in chips) 
Seat 4: m1lkdud ($96.50 in chips) 
Seat 5: gudrozd ($114.42 in chips) 
Fincike7: posts small blind $0.50
blistein: posts big blind $1
*** HOLE CARDS ***
Twistenko: folds 
m1lkdud: folds 
gudrozd: folds 
Fincike7: folds 
Uncalled bet ($0.50) returned to blistein
blistein collected $1 from pot
blistein: doesn't show hand 
*** SUMMARY ***
Total pot $1 | Rake $0 
Seat 6: Pippa83
Seat 1: Fincike7 (small blind) folded before Flop
Seat 2: blistein (big blind) collected ($1)
Seat 3: Twistenko folded before Flop (didn't bet)
Seat 4: m1lkdud folded before Flop (didn't bet)
Seat 5: gudrozd (button) folded before Flop (didn't bet)



PokerStars Hand #254482042404:  Hold'em No Limit ($0.50/$1.00 USD) - 2025/01/21 10:45:38 WET [2025/01/21 5:45:38 ET]
Table 'Gotz III' 6-max Seat #1 is the button
Seat 6: Pippa83 ($121.72 in chips) is sitting out
Seat 1: Fincike7 ($18.50 in chips) 
Seat 2: blistein ($103 in chips) 
Seat 3: Twistenko ($101.70 in chips) 
Seat 4: m1lkdud ($96.50 in chips) 
Seat 5: gudrozd ($114.42 in chips) 
blistein: posts small blind $0.50
Twistenko: posts big blind $1
*** HOLE CARDS ***
m1lkdud: folds 
gudrozd: folds 
Fincike7: raises $1.50 to $2.50
blistein: folds 
Twistenko: calls $1.50
*** FLOP *** [4s 2c 7h]
Twistenko: checks 
Fincike7: bets $2.61
Twistenko: calls $2.61
*** TURN *** [4s 2c 7h] [8s]
Twistenko: checks 
Fincike7: checks 
*** RIVER *** [4s 2c 7h 8s] [2s]
Twistenko: checks 
Fincike7: bets $5.09
Twistenko: calls $5.09
*** SHOW DOWN ***
Fincike7: shows [3c 6d] (a pair of Deuces)
Twistenko: shows [5c 5h] (two pair, Fives and Deuces)
Twistenko collected $19.86 from pot
*** SUMMARY ***
Total pot $20.90 | Rake $1.04 
Board [4s 2c 7h 8s 2s]
Seat 6: Pippa83
Seat 1: Fincike7 (button) showed [3c 6d] and lost with a pair of Deuces
Seat 2: blistein (small blind) folded before Flop
Seat 3: Twistenko (big blind) showed [5c 5h] and won ($19.86) with two pair, Fives and Deuces
Seat 4: m1lkdud folded before Flop (didn't bet)
Seat 5: gudrozd folded before Flop (didn't bet)



PokerStars Hand #254482048944:  Hold'em No Limit ($0.50/$1.00 USD) - 2025/01/21 10:46:38 WET [2025/01/21 5:46:38 ET]
Table 'Gotz III' 6-max Seat #2 is the button
Seat 6: Pippa83 ($121.72 in chips) is sitting out
Seat 1: Fincike7 ($8.30 in chips) 
Seat 2: blistein ($102.50 in chips) 
Seat 3: Twistenko ($111.36 in chips) 
Seat 4: m1lkdud ($96.50 in chips) 
Seat 5: gudrozd ($114.42 in chips) 
Twistenko: posts small blind $0.50
m1lkdud: posts big blind $1
*** HOLE CARDS ***
gudrozd: raises $1.50 to $2.50
Fincike7: folds 
blistein: folds 
Twistenko: folds 
m1lkdud: folds 
Uncalled bet ($1.50) returned to gudrozd
gudrozd collected $2.50 from pot
gudrozd: doesn't show hand 
*** SUMMARY ***
Total pot $2.50 | Rake $0 
Seat 6: Pippa83
Seat 1: Fincike7 folded before Flop (didn't bet)
Seat 2: blistein (button) folded before Flop (didn't bet)
Seat 3: Twistenko (small blind) folded before Flop
Seat 4: m1lkdud (big blind) folded before Flop
Seat 5: gudrozd collected ($2.50)



PokerStars Hand #254482050958:  Hold'em No Limit ($0.50/$1.00 USD) - 2025/01/21 10:46:56 WET [2025/01/21 5:46:56 ET]
Table 'Gotz III' 6-max Seat #3 is the button
Seat 6: Pippa83 ($121.72 in chips) is sitting out
Seat 1: Fincike7 ($8.30 in chips) 
Seat 2: blistein ($102.50 in chips) 
Seat 3: Twistenko ($110.86 in chips) 
Seat 4: m1lkdud ($95.50 in chips) 
Seat 5: gudrozd ($115.92 in chips) 
m1lkdud: posts small blind $0.50
gudrozd: posts big blind $1
*** HOLE CARDS ***
Fincike7: folds 
blistein: raises $1.30 to $2.30
Twistenko: folds 
m1lkdud: folds 
gudrozd: folds 
Uncalled bet ($1.30) returned to blistein
blistein collected $2.50 from pot
blistein: doesn't show hand 
*** SUMMARY ***
Total pot $2.50 | Rake $0 
Seat 6: Pippa83
Seat 1: Fincike7 folded before Flop (didn't bet)
Seat 2: blistein collected ($2.50)
Seat 3: Twistenko (button) folded before Flop (didn't bet)
Seat 4: m1lkdud (small blind) folded before Flop
Seat 5: gudrozd (big blind) folded before Flop



PokerStars Hand #254482052326:  Hold'em No Limit ($0.50/$1.00 USD) - 2025/01/21 10:47:09 WET [2025/01/21 5:47:09 ET]
Table 'Gotz III' 6-max Seat #4 is the button
Seat 6: Pippa83 ($121.72 in chips) is sitting out
Seat 1: Fincike7 ($8.30 in chips) 
Seat 2: blistein ($104 in chips) 
Seat 3: Twistenko ($110.86 in chips) 
Seat 4: m1lkdud ($95 in chips) 
Seat 5: gudrozd ($114.92 in chips) 
gudrozd: posts small blind $0.50
Fincike7: posts big blind $1
*** HOLE CARDS ***
blistein: folds 
Twistenko: folds 
m1lkdud: folds 
gudrozd: raises $2 to $3
Fincike7: calls $2
*** FLOP *** [7s Tc 6c]
gudrozd: checks 
Fincike7: checks 
*** TURN *** [7s Tc 6c] [5d]
gudrozd: bets $5.40
Fincike7: folds 
Uncalled bet ($5.40) returned to gudrozd
gudrozd collected $5.70 from pot
gudrozd: doesn't show hand 
*** SUMMARY ***
Total pot $6 | Rake $0.30 
Board [7s Tc 6c 5d]
Seat 6: Pippa83
Seat 1: Fincike7 (big blind) folded on the Turn
Seat 2: blistein folded before Flop (didn't bet)
Seat 3: Twistenko folded before Flop (didn't bet)
Seat 4: m1lkdud (button) folded before Flop (didn't bet)
Seat 5: gudrozd (small blind) collected ($5.70)



PokerStars Hand #254482056125:  Hold'em No Limit ($0.50/$1.00 USD) - 2025/01/21 10:47:43 WET [2025/01/21 5:47:43 ET]
Table 'Gotz III' 6-max Seat #5 is the button
Seat 6: Pippa83 ($121.72 in chips) is sitting out
Seat 1: Fincike7 ($5.30 in chips) 
Seat 2: blistein ($104 in chips) 
Seat 3: Twistenko ($110.86 in chips) 
Seat 4: m1lkdud ($95 in chips) 
Seat 5: gudrozd ($117.62 in chips) 
Fincike7: posts small blind $0.50
blistein: posts big blind $1
*** HOLE CARDS ***
Twistenko: folds 
m1lkdud: folds 
gudrozd: raises $1.50 to $2.50
Fincike7: raises $2.80 to $5.30 and is all-in
blistein: folds 
gudrozd: calls $2.80
*** FLOP *** [3c Qc 6s]
*** TURN *** [3c Qc 6s] [6c]
*** RIVER *** [3c Qc 6s 6c] [9d]
*** SHOW DOWN ***
Fincike7: shows [7d 7s] (two pair, Sevens and Sixes)
gudrozd: shows [As Kc] (a pair of Sixes)
Fincike7 collected $11.02 from pot
*** SUMMARY ***
Total pot $11.60 | Rake $0.58 
Board [3c Qc 6s 6c 9d]
Seat 6: Pippa83
Seat 1: Fincike7 (small blind) showed [7d 7s] and won ($11.02) with two pair, Sevens and Sixes
Seat 2: blistein (big blind) folded before Flop
Seat 3: Twistenko folded before Flop (didn't bet)
Seat 4: m1lkdud folded before Flop (didn't bet)
Seat 5: gudrozd (button) showed [As Kc] and lost with a pair of Sixes



PokerStars Hand #254482059306:  Hold'em No Limit ($0.50/$1.00 USD) - 2025/01/21 10:48:13 WET [2025/01/21 5:48:13 ET]
Table 'Gotz III' 6-max Seat #1 is the button
Seat 6: Pippa83 ($121.72 in chips) is sitting out
Seat 1: Fincike7 ($11.02 in chips) 
Seat 2: blistein ($103 in chips) 
Seat 3: Twistenko ($110.86 in chips) 
Seat 4: m1lkdud ($95 in chips) 
Seat 5: gudrozd ($112.32 in chips) 
blistein: posts small blind $0.50
Twistenko: posts big blind $1
*** HOLE CARDS ***
m1lkdud: folds 
gudrozd: folds 
Fincike7: folds 
blistein: raises $2 to $3
Twistenko: raises $6 to $9
blistein: folds 
Uncalled bet ($6) returned to Twistenko
Twistenko collected $6 from pot
Twistenko: doesn't show hand 
*** SUMMARY ***
Total pot $6 | Rake $0 
Seat 6: Pippa83
Seat 1: Fincike7 (button) folded before Flop (didn't bet)
Seat 2: blistein (small blind) folded before Flop
Seat 3: Twistenko (big blind) collected ($6)
Seat 4: m1lkdud folded before Flop (didn't bet)
Seat 5: gudrozd folded before Flop (didn't bet)



PokerStars Hand #254482061459:  Hold'em No Limit ($0.50/$1.00 USD) - 2025/01/21 10:48:33 WET [2025/01/21 5:48:33 ET]
Table 'Gotz III' 6-max Seat #2 is the button
Seat 6: Pippa83 ($121.72 in chips) is sitting out
Seat 1: Fincike7 ($11.02 in chips) 
Seat 2: blistein ($100 in chips) 
Seat 3: Twistenko ($113.86 in chips) 
Seat 4: m1lkdud ($95 in chips) 
Seat 5: gudrozd ($112.32 in chips) 
Twistenko: posts small blind $0.50
m1lkdud: posts big blind $1
Pippa83: sits out 
*** HOLE CARDS ***
gudrozd: folds 
Fincike7: folds 
blistein: folds 
Twistenko: folds 
Uncalled bet ($0.50) returned to m1lkdud
m1lkdud collected $1 from pot
*** SUMMARY ***
Total pot $1 | Rake $0 
Seat 6: Pippa83
Seat 1: Fincike7 folded before Flop (didn't bet)
Seat 2: blistein (button) folded before Flop (didn't bet)
Seat 3: Twistenko (small blind) folded before Flop
Seat 4: m1lkdud (big blind) collected ($1)
Seat 5: gudrozd folded before Flop (didn't bet)



PokerStars Hand #254482062676:  Hold'em No Limit ($0.50/$1.00 USD) - 2025/01/21 10:48:44 WET [2025/01/21 5:48:44 ET]
Table 'Gotz III' 6-max Seat #3 is the button
Seat 6: Pippa83 ($121.72 in chips) is sitting out
Seat 1: Fincike7 ($11.02 in chips) 
Seat 2: blistein ($100 in chips) 
Seat 3: Twistenko ($113.36 in chips) 
Seat 4: m1lkdud ($95.50 in chips) 
Seat 5: gudrozd ($112.32 in chips) 
m1lkdud: posts small blind $0.50
gudrozd: posts big blind $1
Pippa83: sits out 
*** HOLE CARDS ***
Fincike7: folds 
blistein: folds 
Twistenko: folds 
m1lkdud: folds 
Uncalled bet ($0.50) returned to gudrozd
gudrozd collected $1 from pot
gudrozd: doesn't show hand 
*** SUMMARY ***
Total pot $1 | Rake $0 
Seat 6: Pippa83
Seat 1: Fincike7 folded before Flop (didn't bet)
Seat 2: blistein folded before Flop (didn't bet)
Seat 3: Twistenko (button) folded before Flop (didn't bet)
Seat 4: m1lkdud (small blind) folded before Flop
Seat 5: gudrozd (big blind) collected ($1)



PokerStars Hand #254482063663:  Hold'em No Limit ($0.50/$1.00 USD) - 2025/01/21 10:48:53 WET [2025/01/21 5:48:53 ET]
Table 'Gotz III' 6-max Seat #4 is the button
Seat 1: Fincike7 ($11.02 in chips) 
Seat 2: blistein ($100 in chips) 
Seat 3: Twistenko ($113.36 in chips) 
Seat 4: m1lkdud ($95 in chips) 
Seat 5: gudrozd ($112.82 in chips) 
Seat 6: Pippa83 ($121.72 in chips) 
gudrozd: posts small blind $0.50
Pippa83: posts big blind $1
*** HOLE CARDS ***
Fincike7: folds 
blistein: raises $1.20 to $2.20
Twistenko: raises $5.30 to $7.50
m1lkdud: folds 
gudrozd: folds 
Pippa83: folds 
blistein: folds 
Uncalled bet ($5.30) returned to Twistenko
Twistenko collected $5.90 from pot
Twistenko: doesn't show hand 
*** SUMMARY ***
Total pot $5.90 | Rake $0 
Seat 1: Fincike7 folded before Flop (didn't bet)
Seat 2: blistein folded before Flop
Seat 3: Twistenko collected ($5.90)
Seat 4: m1lkdud (button) folded before Flop (didn't bet)
Seat 5: gudrozd (small blind) folded before Flop
Seat 6: Pippa83 (big blind) folded before Flop



PokerStars Hand #254482066558:  Hold'em No Limit ($0.50/$1.00 USD) - 2025/01/21 10:49:19 WET [2025/01/21 5:49:19 ET]
Table 'Gotz III' 6-max Seat #5 is the button
Seat 1: Fincike7 ($11.02 in chips) 
Seat 2: blistein ($100 in chips) 
Seat 3: Twistenko ($117.06 in chips) 
Seat 4: m1lkdud ($95 in chips) 
Seat 5: gudrozd ($112.32 in chips) 
Seat 6: Pippa83 ($120.72 in chips) 
Pippa83: posts small blind $0.50
Fincike7: posts big blind $1
*** HOLE CARDS ***
blistein: folds 
Twistenko: folds 
m1lkdud: folds 
gudrozd: folds 
Pippa83: folds 
Uncalled bet ($0.50) returned to Fincike7
Fincike7 collected $1 from pot
Fincike7: doesn't show hand 
*** SUMMARY ***
Total pot $1 | Rake $0 
Seat 1: Fincike7 (big blind) collected ($1)
Seat 2: blistein folded before Flop (didn't bet)
Seat 3: Twistenko folded before Flop (didn't bet)
Seat 4: m1lkdud folded before Flop (didn't bet)
Seat 5: gudrozd (button) folded before Flop (didn't bet)
Seat 6: Pippa83 (small blind) folded before Flop



PokerStars Hand #254482068483:  Hold'em No Limit ($0.50/$1.00 USD) - 2025/01/21 10:49:37 WET [2025/01/21 5:49:37 ET]
Table 'Gotz III' 6-max Seat #6 is the button
Seat 1: Fincike7 ($11.52 in chips) 
Seat 2: blistein ($100 in chips) 
Seat 3: Twistenko ($117.06 in chips) 
Seat 4: m1lkdud ($95 in chips) 
Seat 5: gudrozd ($112.32 in chips) 
Seat 6: Pippa83 ($120.22 in chips) 
Fincike7: posts small blind $0.50
blistein: posts big blind $1
*** HOLE CARDS ***
Twistenko: folds 
m1lkdud: folds 
gudrozd: raises $1.50 to $2.50
Pippa83: raises $5 to $7.50
Fincike7: folds 
blistein: folds 
gudrozd: calls $5
*** FLOP *** [8d Qs Qc]
gudrozd: checks 
Pippa83: bets $5.17
gudrozd: raises $9.83 to $15
Pippa83: folds 
Uncalled bet ($9.83) returned to gudrozd
gudrozd collected $25.50 from pot
gudrozd: doesn't show hand 
*** SUMMARY ***
Total pot $26.84 | Rake $1.34 
Board [8d Qs Qc]
Seat 1: Fincike7 (small blind) folded before Flop
Seat 2: blistein (big blind) folded before Flop
Seat 3: Twistenko folded before Flop (didn't bet)
Seat 4: m1lkdud folded before Flop (didn't bet)
Seat 5: gudrozd collected ($25.50)
Seat 6: Pippa83 (button) folded on the Flop



PokerStars Hand #254482074468:  Hold'em No Limit ($0.50/$1.00 USD) - 2025/01/21 10:50:32 WET [2025/01/21 5:50:32 ET]
Table 'Gotz III' 6-max Seat #1 is the button
Seat 3: Twistenko ($117.06 in chips) is sitting out
Seat 1: Fincike7 ($11.02 in chips) 
Seat 2: blistein ($100 in chips) 
Seat 4: m1lkdud ($95 in chips) 
Seat 5: gudrozd ($125.15 in chips) 
Seat 6: Pippa83 ($107.55 in chips) 
blistein: posts small blind $0.50
Twistenko: is sitting out 
m1lkdud: posts big blind $1
*** HOLE CARDS ***
gudrozd: folds 
Twistenko leaves the table
Pippa83: folds 
Fincike7: raises $1.50 to $2.50
blistein: folds 
m1lkdud: folds 
Uncalled bet ($1.50) returned to Fincike7
Fincike7 collected $2.50 from pot
Fincike7: doesn't show hand 
*** SUMMARY ***
Total pot $2.50 | Rake $0 
Seat 3: Twistenko
Seat 1: Fincike7 (button) collected ($2.50)
Seat 2: blistein (small blind) folded before Flop
Seat 4: m1lkdud (big blind) folded before Flop
Seat 5: gudrozd folded before Flop (didn't bet)
Seat 6: Pippa83 folded before Flop (didn't bet)



PokerStars Hand #254482076464:  Hold'em No Limit ($0.50/$1.00 USD) - 2025/01/21 10:50:51 WET [2025/01/21 5:50:51 ET]
Table 'Gotz III' 6-max Seat #2 is the button
Seat 1: Fincike7 ($12.52 in chips) 
Seat 2: blistein ($100 in chips) 
Seat 4: m1lkdud ($94 in chips) 
Seat 5: gudrozd ($125.15 in chips) 
Seat 6: Pippa83 ($107.55 in chips) 
m1lkdud: posts small blind $0.50
gudrozd: posts big blind $1
*** HOLE CARDS ***
Pippa83: folds 
Fincike7: raises $1.50 to $2.50
blistein: folds 
m1lkdud: folds 
gudrozd: folds 
Uncalled bet ($1.50) returned to Fincike7
Fincike7 collected $2.50 from pot
Fincike7: doesn't show hand 
*** SUMMARY ***
Total pot $2.50 | Rake $0 
Seat 1: Fincike7 collected ($2.50)
Seat 2: blistein (button) folded before Flop (didn't bet)
Seat 4: m1lkdud (small blind) folded before Flop
Seat 5: gudrozd (big blind) folded before Flop
Seat 6: Pippa83 folded before Flop (didn't bet)



PokerStars Hand #254482077795:  Hold'em No Limit ($0.50/$1.00 USD) - 2025/01/21 10:51:03 WET [2025/01/21 5:51:03 ET]
Table 'Gotz III' 6-max Seat #4 is the button
Seat 1: Fincike7 ($14.02 in chips) 
Seat 2: blistein ($100 in chips) 
Seat 4: m1lkdud ($93.50 in chips) 
Seat 5: gudrozd ($124.15 in chips) 
Seat 6: Pippa83 ($107.55 in chips) 
gudrozd: posts small blind $0.50
Pippa83: posts big blind $1
*** HOLE CARDS ***
Fincike7: folds 
blistein: raises $1.30 to $2.30
m1lkdud: folds 
gudrozd: folds 
Pippa83: folds 
Uncalled bet ($1.30) returned to blistein
blistein collected $2.50 from pot
blistein: doesn't show hand 
*** SUMMARY ***
Total pot $2.50 | Rake $0 
Seat 1: Fincike7 folded before Flop (didn't bet)
Seat 2: blistein collected ($2.50)
Seat 4: m1lkdud (button) folded before Flop (didn't bet)
Seat 5: gudrozd (small blind) folded before Flop
Seat 6: Pippa83 (big blind) folded before Flop



PokerStars Hand #254482079562:  Hold'em No Limit ($0.50/$1.00 USD) - 2025/01/21 10:51:20 WET [2025/01/21 5:51:20 ET]
Table 'Gotz III' 6-max Seat #5 is the button
Seat 1: Fincike7 ($14.02 in chips) 
Seat 2: blistein ($101.50 in chips) 
Seat 4: m1lkdud ($93.50 in chips) 
Seat 5: gudrozd ($123.65 in chips) 
Seat 6: Pippa83 ($106.55 in chips) 
Pippa83: posts small blind $0.50
Fincike7: posts big blind $1
*** HOLE CARDS ***
blistein: folds 
m1lkdud: folds 
gudrozd: raises $1.50 to $2.50
Pippa83: folds 
Fincike7: folds 
Uncalled bet ($1.50) returned to gudrozd
gudrozd collected $2.50 from pot
gudrozd: doesn't show hand 
*** SUMMARY ***
Total pot $2.50 | Rake $0 
Seat 1: Fincike7 (big blind) folded before Flop
Seat 2: blistein folded before Flop (didn't bet)
Seat 4: m1lkdud folded before Flop (didn't bet)
Seat 5: gudrozd (button) collected ($2.50)
Seat 6: Pippa83 (small blind) folded before Flop



PokerStars Hand #254482081548:  Hold'em No Limit ($0.50/$1.00 USD) - 2025/01/21 10:51:38 WET [2025/01/21 5:51:38 ET]
Table 'Gotz III' 6-max Seat #6 is the button
Seat 1: Fincike7 ($13.02 in chips) 
Seat 2: blistein ($101.50 in chips) 
Seat 4: m1lkdud ($93.50 in chips) 
Seat 6: Pippa83 ($106.05 in chips) 
Fincike7: posts small blind $0.50
blistein: posts big blind $1
*** HOLE CARDS ***
m1lkdud: folds 
Pippa83: folds 
Fincike7: raises $1 to $2
blistein: raises $13 to $15
Fincike7: folds 
Uncalled bet ($13) returned to blistein
blistein collected $4 from pot
blistein: doesn't show hand 
*** SUMMARY ***
Total pot $4 | Rake $0 
Seat 1: Fincike7 (small blind) folded before Flop
Seat 2: blistein (big blind) collected ($4)
Seat 4: m1lkdud folded before Flop (didn't bet)
Seat 6: Pippa83 (button) folded before Flop (didn't bet)



PokerStars Hand #254482083895:  Hold'em No Limit ($0.50/$1.00 USD) - 2025/01/21 10:51:59 WET [2025/01/21 5:51:59 ET]
Table 'Gotz III' 6-max Seat #1 is the button
Seat 1: Fincike7 ($11.02 in chips) 
Seat 2: blistein ($103.50 in chips) 
Seat 4: m1lkdud ($93.50 in chips) 
Seat 6: Pippa83 ($106.05 in chips) 
blistein: posts small blind $0.50
m1lkdud: posts big blind $1
*** HOLE CARDS ***
Pippa83: folds 
Fincike7: raises $1.50 to $2.50
blistein: calls $2
ChuckNorrisQ joins the table at seat #5 
m1lkdud: raises $8.50 to $11
iNeverBluff398 joins the table at seat #3 
Fincike7: folds 
blistein: raises $92.50 to $103.50 and is all-in
m1lkdud: folds 
Uncalled bet ($92.50) returned to blistein
blistein collected $24.50 from pot
blistein: doesn't show hand 
*** SUMMARY ***
Total pot $24.50 | Rake $0 
Seat 1: Fincike7 (button) folded before Flop
Seat 2: blistein (small blind) collected ($24.50)
Seat 4: m1lkdud (big blind) folded before Flop
Seat 6: Pippa83 folded before Flop (didn't bet)



PokerStars Hand #254482088616:  Hold'em No Limit ($0.50/$1.00 USD) - 2025/01/21 10:52:42 WET [2025/01/21 5:52:42 ET]
Table 'Gotz III' 6-max Seat #2 is the button
Seat 3: iNeverBluff398 ($100 in chips) is sitting out
Seat 1: Fincike7 ($8.52 in chips) 
Seat 2: blistein ($117 in chips) 
Seat 4: m1lkdud ($82.50 in chips) 
Seat 5: ChuckNorrisQ ($100 in chips) 
Seat 6: Pippa83 ($106.05 in chips) 
m1lkdud: posts small blind $0.50
ChuckNorrisQ: posts big blind $1
*** HOLE CARDS ***
Pippa83: raises $1.20 to $2.20
Fincike7: folds 
blistein: folds 
m1lkdud: calls $1.70
ChuckNorrisQ: folds 
*** FLOP *** [3c 3s Kh]
iNeverBluff398 leaves the table
m1lkdud: checks 
Pippa83: bets $1.03
m1lkdud: folds 
Uncalled bet ($1.03) returned to Pippa83
Pippa83 collected $5.13 from pot
Pippa83: doesn't show hand 
*** SUMMARY ***
Total pot $5.40 | Rake $0.27 
Board [3c 3s Kh]
Seat 3: iNeverBluff398
Seat 1: Fincike7 folded before Flop (didn't bet)
Seat 2: blistein (button) folded before Flop (didn't bet)
Seat 4: m1lkdud (small blind) folded on the Flop
Seat 5: ChuckNorrisQ (big blind) folded before Flop
Seat 6: Pippa83 collected ($5.13)



PokerStars Hand #254482091046:  Hold'em No Limit ($0.50/$1.00 USD) - 2025/01/21 10:53:04 WET [2025/01/21 5:53:04 ET]
Table 'Gotz III' 6-max Seat #4 is the button
Seat 1: Fincike7 ($8.52 in chips) is sitting out
Seat 2: blistein ($117 in chips) 
Seat 4: m1lkdud ($100 in chips) 
Seat 5: ChuckNorrisQ ($100 in chips) 
Seat 6: Pippa83 ($108.98 in chips) 
ChuckNorrisQ: posts small blind $0.50
Pippa83: posts big blind $1
*** HOLE CARDS ***
iNeverBluff398 joins the table at seat #3 
Fincike7 leaves the table
blistein: folds 
m1lkdud: folds 
ChuckNorrisQ: raises $2 to $3
iNeverBluff398 leaves the table
Pippa83: folds 
Uncalled bet ($2) returned to ChuckNorrisQ
ChuckNorrisQ collected $2 from pot
ChuckNorrisQ: doesn't show hand 
*** SUMMARY ***
Total pot $2 | Rake $0 
Seat 1: Fincike7
Seat 2: blistein folded before Flop (didn't bet)
Seat 4: m1lkdud (button) folded before Flop (didn't bet)
Seat 5: ChuckNorrisQ (small blind) collected ($2)
Seat 6: Pippa83 (big blind) folded before Flop



PokerStars Hand #254482092721:  Hold'em No Limit ($0.50/$1.00 USD) - 2025/01/21 10:53:20 WET [2025/01/21 5:53:20 ET]
Table 'Gotz III' 6-max Seat #5 is the button
Seat 2: blistein ($117 in chips) 
Seat 4: m1lkdud ($100 in chips) 
Seat 5: ChuckNorrisQ ($101 in chips) 
Seat 6: Pippa83 ($107.98 in chips) 
Pippa83: posts small blind $0.50
blistein: posts big blind $1
*** HOLE CARDS ***
m1lkdud: raises $2.50 to $3.50
ChuckNorrisQ: folds 
Pippa83: raises $8 to $11.50
blistein: folds 
m1lkdud: calls $8
*** FLOP *** [4d Ac 9c]
Pippa83: bets $4.60
m1lkdud: calls $4.60
*** TURN *** [4d Ac 9c] [Qc]
Pippa83: bets $10.63
janarr5 joins the table at seat #1 
m1lkdud: folds 
Uncalled bet ($10.63) returned to Pippa83
Pippa83 collected $32.20 from pot
Pippa83: doesn't show hand 
*** SUMMARY ***
Total pot $33.20 | Rake $1 
Board [4d Ac 9c Qc]
Seat 2: blistein (big blind) folded before Flop
Seat 4: m1lkdud folded on the Turn
Seat 5: ChuckNorrisQ (button) folded before Flop (didn't bet)
Seat 6: Pippa83 (small blind) collected ($32.20)



PokerStars Hand #254482095907:  Hold'em No Limit ($0.50/$1.00 USD) - 2025/01/21 10:53:49 WET [2025/01/21 5:53:49 ET]
Table 'Gotz III' 6-max Seat #6 is the button
Seat 1: janarr5 ($100 in chips) is sitting out
Seat 2: blistein ($116 in chips) 
Seat 4: m1lkdud ($83.90 in chips) 
Seat 5: ChuckNorrisQ ($101 in chips) 
Seat 6: Pippa83 ($124.08 in chips) 
blistein: posts small blind $0.50
m1lkdud: posts big blind $1
*** HOLE CARDS ***
ChuckNorrisQ: folds 
Pippa83: folds 
blistein: raises $2 to $3
m1lkdud: folds 
Uncalled bet ($2) returned to blistein
blistein collected $2 from pot
blistein: doesn't show hand 
*** SUMMARY ***
Total pot $2 | Rake $0 
Seat 1: janarr5
Seat 2: blistein (small blind) collected ($2)
Seat 4: m1lkdud (big blind) folded before Flop
Seat 5: ChuckNorrisQ folded before Flop (didn't bet)
Seat 6: Pippa83 (button) folded before Flop (didn't bet)



PokerStars Hand #254482097352:  Hold'em No Limit ($0.50/$1.00 USD) - 2025/01/21 10:54:02 WET [2025/01/21 5:54:02 ET]
Table 'Gotz III' 6-max Seat #2 is the button
Seat 1: janarr5 ($100 in chips) is sitting out
Seat 2: blistein ($117 in chips) 
Seat 4: m1lkdud ($99 in chips) 
Seat 5: ChuckNorrisQ ($101 in chips) 
Seat 6: Pippa83 ($124.08 in chips) 
m1lkdud: posts small blind $0.50
ChuckNorrisQ: posts big blind $1
janarr5: sits out 
*** HOLE CARDS ***
Pippa83: folds 
blistein: folds 
m1lkdud: folds 
Uncalled bet ($0.50) returned to ChuckNorrisQ
ChuckNorrisQ collected $1 from pot
ChuckNorrisQ: doesn't show hand 
*** SUMMARY ***
Total pot $1 | Rake $0 
Seat 1: janarr5
Seat 2: blistein (button) folded before Flop (didn't bet)
Seat 4: m1lkdud (small blind) folded before Flop
Seat 5: ChuckNorrisQ (big blind) collected ($1)
Seat 6: Pippa83 folded before Flop (didn't bet)



PokerStars Hand #254482098026:  Hold'em No Limit ($0.50/$1.00 USD) - 2025/01/21 10:54:09 WET [2025/01/21 5:54:09 ET]
Table 'Gotz III' 6-max Seat #4 is the button
Seat 1: janarr5 ($100 in chips) is sitting out
Seat 2: blistein ($117 in chips) 
Seat 4: m1lkdud ($98.50 in chips) 
Seat 5: ChuckNorrisQ ($101.50 in chips) 
Seat 6: Pippa83 ($124.08 in chips) 
ChuckNorrisQ: posts small blind $0.50
Pippa83: posts big blind $1
janarr5: sits out 
*** HOLE CARDS ***
blistein: raises $1.30 to $2.30
m1lkdud: folds 
ChuckNorrisQ: folds 
Pippa83: raises $9.70 to $12
blistein: folds 
Uncalled bet ($9.70) returned to Pippa83
Pippa83 collected $5.10 from pot
Pippa83: doesn't show hand 
*** SUMMARY ***
Total pot $5.10 | Rake $0 
Seat 1: janarr5
Seat 2: blistein folded before Flop
Seat 4: m1lkdud (button) folded before Flop (didn't bet)
Seat 5: ChuckNorrisQ (small blind) folded before Flop
Seat 6: Pippa83 (big blind) collected ($5.10)



PokerStars Hand #254482099731:  Hold'em No Limit ($0.50/$1.00 USD) - 2025/01/21 10:54:25 WET [2025/01/21 5:54:25 ET]
Table 'Gotz III' 6-max Seat #5 is the button
Seat 1: janarr5 ($100 in chips) 
Seat 2: blistein ($114.70 in chips) 
Seat 4: m1lkdud ($98.50 in chips) 
Seat 5: ChuckNorrisQ ($101 in chips) 
Seat 6: Pippa83 ($126.88 in chips) 
Pippa83: posts small blind $0.50
janarr5: posts big blind $1
*** HOLE CARDS ***
blistein: raises $1.20 to $2.20
m1lkdud: folds 
ChuckNorrisQ: folds 
Pippa83: folds 
janarr5: folds 
Uncalled bet ($1.20) returned to blistein
blistein collected $2.50 from pot
blistein: doesn't show hand 
*** SUMMARY ***
Total pot $2.50 | Rake $0 
Seat 1: janarr5 (big blind) folded before Flop
Seat 2: blistein collected ($2.50)
Seat 4: m1lkdud folded before Flop (didn't bet)
Seat 5: ChuckNorrisQ (button) folded before Flop (didn't bet)
Seat 6: Pippa83 (small blind) folded before Flop



PokerStars Hand #254482100857:  Hold'em No Limit ($0.50/$1.00 USD) - 2025/01/21 10:54:35 WET [2025/01/21 5:54:35 ET]
Table 'Gotz III' 6-max Seat #6 is the button
Seat 1: janarr5 ($100 in chips) 
Seat 2: blistein ($116.20 in chips) 
Seat 4: m1lkdud ($98.50 in chips) 
Seat 5: ChuckNorrisQ ($101 in chips) 
Seat 6: Pippa83 ($126.38 in chips) 
janarr5: posts small blind $0.50
blistein: posts big blind $1
*** HOLE CARDS ***
m1lkdud: folds 
ChuckNorrisQ: raises $1.30 to $2.30
Pippa83: folds 
janarr5: folds 
blistein: folds 
Uncalled bet ($1.30) returned to ChuckNorrisQ
ChuckNorrisQ collected $2.50 from pot
ChuckNorrisQ: doesn't show hand 
*** SUMMARY ***
Total pot $2.50 | Rake $0 
Seat 1: janarr5 (small blind) folded before Flop
Seat 2: blistein (big blind) folded before Flop
Seat 4: m1lkdud folded before Flop (didn't bet)
Seat 5: ChuckNorrisQ collected ($2.50)
Seat 6: Pippa83 (button) folded before Flop (didn't bet)



PokerStars Hand #254482103133:  Hold'em No Limit ($0.50/$1.00 USD) - 2025/01/21 10:54:57 WET [2025/01/21 5:54:57 ET]
Table 'Gotz III' 6-max Seat #1 is the button
Seat 1: janarr5 ($100 in chips) 
Seat 2: blistein ($115.20 in chips) 
Seat 4: m1lkdud ($98.50 in chips) 
Seat 5: ChuckNorrisQ ($102.50 in chips) 
Seat 6: Pippa83 ($126.38 in chips) 
blistein: posts small blind $0.50
m1lkdud: posts big blind $1
*** HOLE CARDS ***
ChuckNorrisQ: folds 
Pippa83: raises $1.50 to $2.50
janarr5: folds 
blistein: folds 
m1lkdud: folds 
Uncalled bet ($1.50) returned to Pippa83
Pippa83 collected $2.50 from pot
Pippa83: doesn't show hand 
*** SUMMARY ***
Total pot $2.50 | Rake $0 
Seat 1: janarr5 (button) folded before Flop (didn't bet)
Seat 2: blistein (small blind) folded before Flop
Seat 4: m1lkdud (big blind) folded before Flop
Seat 5: ChuckNorrisQ folded before Flop (didn't bet)
Seat 6: Pippa83 collected ($2.50)



PokerStars Hand #254482105131:  Hold'em No Limit ($0.50/$1.00 USD) - 2025/01/21 10:55:17 WET [2025/01/21 5:55:17 ET]
Table 'Gotz III' 6-max Seat #2 is the button
Seat 1: janarr5 ($100 in chips) 
Seat 2: blistein ($114.70 in chips) 
Seat 4: m1lkdud ($97.50 in chips) 
Seat 5: ChuckNorrisQ ($102.50 in chips) 
Seat 6: Pippa83 ($127.88 in chips) 
m1lkdud: posts small blind $0.50
ChuckNorrisQ: posts big blind $1
*** HOLE CARDS ***
Pippa83: folds 
janarr5: raises $1.25 to $2.25
blistein: raises $5.25 to $7.50
m1lkdud: folds 
ChuckNorrisQ: folds 
janarr5: folds 
Uncalled bet ($5.25) returned to blistein
blistein collected $6 from pot
blistein: doesn't show hand 
*** SUMMARY ***
Total pot $6 | Rake $0 
Seat 1: janarr5 folded before Flop
Seat 2: blistein (button) collected ($6)
Seat 4: m1lkdud (small blind) folded before Flop
Seat 5: ChuckNorrisQ (big blind) folded before Flop
Seat 6: Pippa83 folded before Flop (didn't bet)



PokerStars Hand #254482107796:  Hold'em No Limit ($0.50/$1.00 USD) - 2025/01/21 10:55:46 WET [2025/01/21 5:55:46 ET]
Table 'Gotz III' 6-max Seat #4 is the button
Seat 1: janarr5 ($100 in chips) 
Seat 2: blistein ($118.45 in chips) 
Seat 4: m1lkdud ($97 in chips) 
Seat 5: ChuckNorrisQ ($101.50 in chips) 
Seat 6: Pippa83 ($127.88 in chips) 
ChuckNorrisQ: posts small blind $0.50
Pippa83: posts big blind $1
*** HOLE CARDS ***
janarr5: folds 
blistein: folds 
m1lkdud: folds 
ChuckNorrisQ: folds 
Uncalled bet ($0.50) returned to Pippa83
Pippa83 collected $1 from pot
Pippa83: doesn't show hand 
*** SUMMARY ***
Total pot $1 | Rake $0 
Seat 1: janarr5 folded before Flop (didn't bet)
Seat 2: blistein folded before Flop (didn't bet)
Seat 4: m1lkdud (button) folded before Flop (didn't bet)
Seat 5: ChuckNorrisQ (small blind) folded before Flop
Seat 6: Pippa83 (big blind) collected ($1)



PokerStars Hand #254482108815:  Hold'em No Limit ($0.50/$1.00 USD) - 2025/01/21 10:55:57 WET [2025/01/21 5:55:57 ET]
Table 'Gotz III' 6-max Seat #5 is the button
Seat 1: janarr5 ($100 in chips) 
Seat 2: blistein ($118.45 in chips) 
Seat 4: m1lkdud ($97 in chips) 
Seat 5: ChuckNorrisQ ($101 in chips) 
Seat 6: Pippa83 ($128.38 in chips) 
Pippa83: posts small blind $0.50
janarr5: posts big blind $1
*** HOLE CARDS ***
blistein: folds 
blistein leaves the table
m1lkdud: raises $2.50 to $3.50
ChuckNorrisQ: folds 
Pippa83: folds 
janarr5: calls $2.50
*** FLOP *** [7s Ad 5h]
janarr5: checks 
m1lkdud: bets $3.56
janarr5: folds 
Uncalled bet ($3.56) returned to m1lkdud
m1lkdud collected $7.12 from pot
*** SUMMARY ***
Total pot $7.50 | Rake $0.38 
Board [7s Ad 5h]
Seat 1: janarr5 (big blind) folded on the Flop
Seat 2: blistein folded before Flop (didn't bet)
Seat 4: m1lkdud collected ($7.12)
Seat 5: ChuckNorrisQ (button) folded before Flop (didn't bet)
Seat 6: Pippa83 (small blind) folded before Flop



PokerStars Hand #254482111069:  Hold'em No Limit ($0.50/$1.00 USD) - 2025/01/21 10:56:22 WET [2025/01/21 5:56:22 ET]
Table 'Gotz III' 6-max Seat #6 is the button
Seat 1: janarr5 ($100 in chips) 
Seat 4: m1lkdud ($100.62 in chips) 
Seat 5: ChuckNorrisQ ($101 in chips) 
Seat 6: Pippa83 ($127.88 in chips) 
janarr5: posts small blind $0.50
m1lkdud: posts big blind $1
*** HOLE CARDS ***
ChuckNorrisQ: folds 
Pippa83: folds 
janarr5: folds 
Uncalled bet ($0.50) returned to m1lkdud
m1lkdud collected $1 from pot
*** SUMMARY ***
Total pot $1 | Rake $0 
Seat 1: janarr5 (small blind) folded before Flop
Seat 4: m1lkdud (big blind) collected ($1)
Seat 5: ChuckNorrisQ folded before Flop (didn't bet)
Seat 6: Pippa83 (button) folded before Flop (didn't bet)



PokerStars Hand #254482112323:  Hold'em No Limit ($0.50/$1.00 USD) - 2025/01/21 10:56:35 WET [2025/01/21 5:56:35 ET]
Table 'Gotz III' 6-max Seat #1 is the button
Seat 1: janarr5 ($100 in chips) 
Seat 4: m1lkdud ($101.12 in chips) 
Seat 5: ChuckNorrisQ ($101 in chips) 
Seat 6: Pippa83 ($127.88 in chips) 
m1lkdud: posts small blind $0.50
ChuckNorrisQ: posts big blind $1
*** HOLE CARDS ***
Pippa83: raises $1.50 to $2.50
janarr5: folds 
m1lkdud: calls $2
ChuckNorrisQ: folds 
*** FLOP *** [6s 4d Th]
m1lkdud: checks 
Pippa83: bets $1.88
m1lkdud: folds 
Uncalled bet ($1.88) returned to Pippa83
Pippa83 collected $5.70 from pot
Pippa83: doesn't show hand 
*** SUMMARY ***
Total pot $6 | Rake $0.30 
Board [6s 4d Th]
Seat 1: janarr5 (button) folded before Flop (didn't bet)
Seat 4: m1lkdud (small blind) folded on the Flop
Seat 5: ChuckNorrisQ (big blind) folded before Flop
Seat 6: Pippa83 collected ($5.70)



PokerStars Hand #254482115628:  Hold'em No Limit ($0.50/$1.00 USD) - 2025/01/21 10:57:11 WET [2025/01/21 5:57:11 ET]
Table 'Gotz III' 6-max Seat #4 is the button
Seat 1: janarr5 ($100 in chips) 
Seat 4: m1lkdud ($98.62 in chips) 
Seat 5: ChuckNorrisQ ($100 in chips) 
Seat 6: Pippa83 ($131.08 in chips) 
ChuckNorrisQ: posts small blind $0.50
Pippa83: posts big blind $1
*** HOLE CARDS ***
janarr5: folds 
m1lkdud: folds 
ChuckNorrisQ: folds 
Uncalled bet ($0.50) returned to Pippa83
Pippa83 collected $1 from pot
Pippa83: doesn't show hand 
*** SUMMARY ***
Total pot $1 | Rake $0 
Seat 1: janarr5 folded before Flop (didn't bet)
Seat 4: m1lkdud (button) folded before Flop (didn't bet)
Seat 5: ChuckNorrisQ (small blind) folded before Flop
Seat 6: Pippa83 (big blind) collected ($1)



PokerStars Hand #254482116502:  Hold'em No Limit ($0.50/$1.00 USD) - 2025/01/21 10:57:20 WET [2025/01/21 5:57:20 ET]
Table 'Gotz III' 6-max Seat #5 is the button
Seat 1: janarr5 ($100 in chips) 
Seat 4: m1lkdud ($98.62 in chips) 
Seat 5: ChuckNorrisQ ($100 in chips) 
Seat 6: Pippa83 ($131.58 in chips) 
Pippa83: posts small blind $0.50
janarr5: posts big blind $1
*** HOLE CARDS ***
m1lkdud: raises $2.50 to $3.50
ChuckNorrisQ: raises $6.50 to $10
Pippa83: folds 
janarr5: folds 
m1lkdud: calls $6.50
*** FLOP *** [2c Jh Qc]
m1lkdud: checks 
ChuckNorrisQ: checks 
*** TURN *** [2c Jh Qc] [9c]
m1lkdud: bets $20.50
ChuckNorrisQ: raises $69.50 to $90 and is all-in
m1lkdud: calls $68.12 and is all-in
Uncalled bet ($1.38) returned to ChuckNorrisQ
*** RIVER *** [2c Jh Qc 9c] [5s]
*** SHOW DOWN ***
m1lkdud: shows [Ks Th] (a straight, Nine to King)
ChuckNorrisQ: shows [9s 9h] (three of a kind, Nines)
m1lkdud collected $197.74 from pot
*** SUMMARY ***
Total pot $198.74 | Rake $1 
Board [2c Jh Qc 9c 5s]
Seat 1: janarr5 (big blind) folded before Flop
Seat 4: m1lkdud showed [Ks Th] and won ($197.74) with a straight, Nine to King
Seat 5: ChuckNorrisQ (button) showed [9s 9h] and lost with three of a kind, Nines
Seat 6: Pippa83 (small blind) folded before Flop



PokerStars Hand #254482121152:  Hold'em No Limit ($0.50/$1.00 USD) - 2025/01/21 10:58:10 WET [2025/01/21 5:58:10 ET]
Table 'Gotz III' 6-max Seat #6 is the button
Seat 1: janarr5 ($100 in chips) 
Seat 4: m1lkdud ($197.74 in chips) 
Seat 5: ChuckNorrisQ ($100 in chips) 
Seat 6: Pippa83 ($131.08 in chips) 
janarr5: posts small blind $0.50
m1lkdud: posts big blind $1
*** HOLE CARDS ***
ChuckNorrisQ: raises $1.30 to $2.30
Pippa83: folds 
janarr5: folds 
m1lkdud: calls $1.30
*** FLOP *** [6s 3d 8h]
m1lkdud: checks 
ChuckNorrisQ: bets $3.63
m1lkdud: folds 
Uncalled bet ($3.63) returned to ChuckNorrisQ
ChuckNorrisQ collected $4.84 from pot
ChuckNorrisQ: doesn't show hand 
*** SUMMARY ***
Total pot $5.10 | Rake $0.26 
Board [6s 3d 8h]
Seat 1: janarr5 (small blind) folded before Flop
Seat 4: m1lkdud (big blind) folded on the Flop
Seat 5: ChuckNorrisQ collected ($4.84)
Seat 6: Pippa83 (button) folded before Flop (didn't bet)



PokerStars Hand #254482122917:  Hold'em No Limit ($0.50/$1.00 USD) - 2025/01/21 10:58:29 WET [2025/01/21 5:58:29 ET]
Table 'Gotz III' 6-max Seat #1 is the button
Seat 1: janarr5 ($100 in chips) 
Seat 4: m1lkdud ($195.44 in chips) 
Seat 5: ChuckNorrisQ ($102.54 in chips) 
Seat 6: Pippa83 ($131.08 in chips) 
m1lkdud: posts small blind $0.50
ChuckNorrisQ: posts big blind $1
*** HOLE CARDS ***
Pippa83: folds 
janarr5: folds 
m1lkdud: folds 
Uncalled bet ($0.50) returned to ChuckNorrisQ
ChuckNorrisQ collected $1 from pot
ChuckNorrisQ: doesn't show hand 
*** SUMMARY ***
Total pot $1 | Rake $0 
Seat 1: janarr5 (button) folded before Flop (didn't bet)
Seat 4: m1lkdud (small blind) folded before Flop
Seat 5: ChuckNorrisQ (big blind) collected ($1)
Seat 6: Pippa83 folded before Flop (didn't bet)



PokerStars Hand #254482123588:  Hold'em No Limit ($0.50/$1.00 USD) - 2025/01/21 10:58:37 WET [2025/01/21 5:58:37 ET]
Table 'Gotz III' 6-max Seat #4 is the button
Seat 1: janarr5 ($100 in chips) 
Seat 4: m1lkdud ($194.94 in chips) 
Seat 5: ChuckNorrisQ ($103.04 in chips) 
Seat 6: Pippa83 ($131.08 in chips) 
ChuckNorrisQ: posts small blind $0.50
Pippa83: posts big blind $1
*** HOLE CARDS ***
janarr5: folds 
m1lkdud: folds 
ChuckNorrisQ: raises $2 to $3
Pippa83: calls $2
*** FLOP *** [4d Ts 7d]
ChuckNorrisQ: bets $1.88
Pippa83: calls $1.88
*** TURN *** [4d Ts 7d] [2d]
ChuckNorrisQ: bets $4.64
Pippa83: calls $4.64
*** RIVER *** [4d Ts 7d 2d] [Tc]
Flo Magnifique joins the table at seat #2 
VahTang_89 joins the table at seat #3 
ChuckNorrisQ: checks 
Pippa83: bets $13.57
ChuckNorrisQ: calls $13.57
*** SHOW DOWN ***
Pippa83: shows [Qs Td] (three of a kind, Tens)
ChuckNorrisQ: mucks hand 
Pippa83 collected $45.18 from pot
*** SUMMARY ***
Total pot $46.18 | Rake $1 
Board [4d Ts 7d 2d Tc]
Seat 1: janarr5 folded before Flop (didn't bet)
Seat 4: m1lkdud (button) folded before Flop (didn't bet)
Seat 5: ChuckNorrisQ (small blind) mucked
Seat 6: Pippa83 (big blind) showed [Qs Td] and won ($45.18) with three of a kind, Tens



PokerStars Hand #254482129632:  Hold'em No Limit ($0.50/$1.00 USD) - 2025/01/21 10:59:44 WET [2025/01/21 5:59:44 ET]
Table 'Gotz III' 6-max Seat #5 is the button
Seat 3: VahTang_89 ($100 in chips) is sitting out
Seat 1: janarr5 ($100 in chips) 
Seat 2: Flo Magnifique ($54.91 in chips) 
Seat 4: m1lkdud ($194.94 in chips) 
Seat 5: ChuckNorrisQ ($100 in chips) 
Seat 6: Pippa83 ($153.17 in chips) 
Pippa83: posts small blind $0.50
janarr5: posts big blind $1
Flo Magnifique: posts big blind $1
VahTang_89: sits out 
*** HOLE CARDS ***
Flo Magnifique: checks 
m1lkdud: folds 
ChuckNorrisQ: folds 
Pippa83: raises $4 to $5
janarr5: folds 
Flo Magnifique: folds 
Uncalled bet ($4) returned to Pippa83
Pippa83 collected $3 from pot
Pippa83: doesn't show hand 
*** SUMMARY ***
Total pot $3 | Rake $0 
Seat 3: VahTang_89
Seat 1: janarr5 (big blind) folded before Flop
Seat 2: Flo Magnifique folded before Flop (didn't bet)
Seat 4: m1lkdud folded before Flop (didn't bet)
Seat 5: ChuckNorrisQ (button) folded before Flop (didn't bet)
Seat 6: Pippa83 (small blind) collected ($3)



PokerStars Hand #254482131070:  Hold'em No Limit ($0.50/$1.00 USD) - 2025/01/21 10:59:59 WET [2025/01/21 5:59:59 ET]
Table 'Gotz III' 6-max Seat #6 is the button
Seat 3: VahTang_89 ($100 in chips) is sitting out
Seat 1: janarr5 ($100 in chips) 
Seat 2: Flo Magnifique ($53.91 in chips) 
Seat 4: m1lkdud ($194.94 in chips) 
Seat 5: ChuckNorrisQ ($100 in chips) 
Seat 6: Pippa83 ($155.17 in chips) 
janarr5: posts small blind $0.50
Flo Magnifique: posts big blind $1
VahTang_89: sits out 
*** HOLE CARDS ***
m1lkdud: raises $2.50 to $3.50
ChuckNorrisQ: folds 
Pippa83: folds 
janarr5: folds 
Flo Magnifique: calls $2.50
*** FLOP *** [4h Ad Ks]
Flo Magnifique: checks 
m1lkdud: bets $3.56
Flo Magnifique: folds 
Uncalled bet ($3.56) returned to m1lkdud
m1lkdud collected $7.12 from pot
*** SUMMARY ***
Total pot $7.50 | Rake $0.38 
Board [4h Ad Ks]
Seat 3: VahTang_89
Seat 1: janarr5 (small blind) folded before Flop
Seat 2: Flo Magnifique (big blind) folded on the Flop
Seat 4: m1lkdud collected ($7.12)
Seat 5: ChuckNorrisQ folded before Flop (didn't bet)
Seat 6: Pippa83 (button) folded before Flop (didn't bet)



PokerStars Hand #254482133540:  Hold'em No Limit ($0.50/$1.00 USD) - 2025/01/21 11:00:25 WET [2025/01/21 6:00:25 ET]
Table 'Gotz III' 6-max Seat #1 is the button
Seat 1: janarr5 ($100 in chips) 
Seat 2: Flo Magnifique ($50.41 in chips) 
Seat 3: VahTang_89 ($100 in chips) 
Seat 4: m1lkdud ($198.56 in chips) 
Seat 5: ChuckNorrisQ ($100 in chips) 
Seat 6: Pippa83 ($155.17 in chips) 
Flo Magnifique: posts small blind $0.50
VahTang_89: posts big blind $1
*** HOLE CARDS ***
m1lkdud: folds 
ChuckNorrisQ: folds 
Pippa83: folds 
janarr5: folds 
Flo Magnifique: calls $0.50
VahTang_89: checks 
*** FLOP *** [Tc 6c Jh]
Flo Magnifique: bets $2
VahTang_89: folds 
Uncalled bet ($2) returned to Flo Magnifique
Flo Magnifique collected $1.90 from pot
Flo Magnifique: doesn't show hand 
*** SUMMARY ***
Total pot $2 | Rake $0.10 
Board [Tc 6c Jh]
Seat 1: janarr5 (button) folded before Flop (didn't bet)
Seat 2: Flo Magnifique (small blind) collected ($1.90)
Seat 3: VahTang_89 (big blind) folded on the Flop
Seat 4: m1lkdud folded before Flop (didn't bet)
Seat 5: ChuckNorrisQ folded before Flop (didn't bet)
Seat 6: Pippa83 folded before Flop (didn't bet)



PokerStars Hand #254482135709:  Hold'em No Limit ($0.50/$1.00 USD) - 2025/01/21 11:00:47 WET [2025/01/21 6:00:47 ET]
Table 'Gotz III' 6-max Seat #2 is the button
Seat 1: janarr5 ($100 in chips) 
Seat 2: Flo Magnifique ($51.31 in chips) 
Seat 3: VahTang_89 ($100 in chips) 
Seat 4: m1lkdud ($198.56 in chips) 
Seat 5: ChuckNorrisQ ($100 in chips) 
Seat 6: Pippa83 ($155.17 in chips) 
VahTang_89: posts small blind $0.50
m1lkdud: posts big blind $1
*** HOLE CARDS ***
ChuckNorrisQ: folds 
Pippa83: folds 
janarr5: folds 
Flo Magnifique: calls $1
VahTang_89: folds 
m1lkdud: raises $4.50 to $5.50
Flo Magnifique: calls $4.50
*** FLOP *** [Kd 7h Ks]
m1lkdud: checks 
Flo Magnifique: checks 
*** TURN *** [Kd 7h Ks] [4s]
m1lkdud: bets $10.92
Flo Magnifique: folds 
Uncalled bet ($10.92) returned to m1lkdud
m1lkdud collected $10.92 from pot
*** SUMMARY ***
Total pot $11.50 | Rake $0.58 
Board [Kd 7h Ks 4s]
Seat 1: janarr5 folded before Flop (didn't bet)
Seat 2: Flo Magnifique (button) folded on the Turn
Seat 3: VahTang_89 (small blind) folded before Flop
Seat 4: m1lkdud (big blind) collected ($10.92)
Seat 5: ChuckNorrisQ folded before Flop (didn't bet)
Seat 6: Pippa83 folded before Flop (didn't bet)



PokerStars Hand #254482140350:  Hold'em No Limit ($0.50/$1.00 USD) - 2025/01/21 11:01:32 WET [2025/01/21 6:01:32 ET]
Table 'Gotz III' 6-max Seat #3 is the button
Seat 1: janarr5 ($100 in chips) 
Seat 2: Flo Magnifique ($45.81 in chips) 
Seat 3: VahTang_89 ($100 in chips) 
Seat 4: m1lkdud ($203.98 in chips) 
Seat 5: ChuckNorrisQ ($100 in chips) 
Seat 6: Pippa83 ($155.17 in chips) 
m1lkdud: posts small blind $0.50
ChuckNorrisQ: posts big blind $1
*** HOLE CARDS ***
Pippa83: folds 
janarr5: folds 
Flo Magnifique: folds 
VahTang_89: raises $1.20 to $2.20
m1lkdud: folds 
ChuckNorrisQ: folds 
Uncalled bet ($1.20) returned to VahTang_89
VahTang_89 collected $2.50 from pot
VahTang_89: doesn't show hand 
*** SUMMARY ***
Total pot $2.50 | Rake $0 
Seat 1: janarr5 folded before Flop (didn't bet)
Seat 2: Flo Magnifique folded before Flop (didn't bet)
Seat 3: VahTang_89 (button) collected ($2.50)
Seat 4: m1lkdud (small blind) folded before Flop
Seat 5: ChuckNorrisQ (big blind) folded before Flop
Seat 6: Pippa83 folded before Flop (didn't bet)



PokerStars Hand #254482142394:  Hold'em No Limit ($0.50/$1.00 USD) - 2025/01/21 11:01:52 WET [2025/01/21 6:01:52 ET]
Table 'Gotz III' 6-max Seat #4 is the button
Seat 1: janarr5 ($100 in chips) 
Seat 2: Flo Magnifique ($45.81 in chips) 
Seat 3: VahTang_89 ($101.50 in chips) 
Seat 4: m1lkdud ($203.48 in chips) 
Seat 5: ChuckNorrisQ ($100 in chips) 
Seat 6: Pippa83 ($155.17 in chips) 
ChuckNorrisQ: posts small blind $0.50
Pippa83: posts big blind $1
*** HOLE CARDS ***
janarr5: folds 
Flo Magnifique: calls $1
VahTang_89: folds 
m1lkdud: raises $3.50 to $4.50
ChuckNorrisQ: folds 
Pippa83: folds 
Flo Magnifique: calls $3.50
*** FLOP *** [6d Qh Td]
Flo Magnifique: checks 
m1lkdud: bets $9.98
Flo Magnifique: calls $9.98
*** TURN *** [6d Qh Td] [Ac]
Flo Magnifique: bets $31.33 and is all-in
m1lkdud: calls $31.33
*** RIVER *** [6d Qh Td Ac] [2s]
*** SHOW DOWN ***
Flo Magnifique: shows [9h Jd] (high card Ace)
m1lkdud: shows [Kc Jh] (a straight, Ten to Ace)
m1lkdud collected $90.62 from pot
*** SUMMARY ***
Total pot $93.12 | Rake $2.50 
Board [6d Qh Td Ac 2s]
Seat 1: janarr5 folded before Flop (didn't bet)
Seat 2: Flo Magnifique showed [9h Jd] and lost with high card Ace
Seat 3: VahTang_89 folded before Flop (didn't bet)
Seat 4: m1lkdud (button) showed [Kc Jh] and won ($90.62) with a straight, Ten to Ace
Seat 5: ChuckNorrisQ (small blind) folded before Flop
Seat 6: Pippa83 (big blind) folded before Flop



PokerStars Hand #254482148368:  Hold'em No Limit ($0.50/$1.00 USD) - 2025/01/21 11:02:47 WET [2025/01/21 6:02:47 ET]
Table 'Gotz III' 6-max Seat #5 is the button
Seat 2: Flo Magnifique ($0 in chips) is sitting out
Seat 1: janarr5 ($100 in chips) 
Seat 3: VahTang_89 ($101.50 in chips) 
Seat 4: m1lkdud ($248.29 in chips) 
Seat 5: ChuckNorrisQ ($100 in chips) 
Seat 6: Pippa83 ($154.17 in chips) 
Pippa83: posts small blind $0.50
janarr5: posts big blind $1
*** HOLE CARDS ***
VahTang_89: raises $1.20 to $2.20
m1lkdud: folds 
Flo Magnifique leaves the table
jeffy27dt1 joins the table at seat #2 
ChuckNorrisQ: folds 
Pippa83: folds 
janarr5: folds 
Uncalled bet ($1.20) returned to VahTang_89
VahTang_89 collected $2.50 from pot
VahTang_89: doesn't show hand 
jeffy27dt1 leaves the table
*** SUMMARY ***
Total pot $2.50 | Rake $0 
Seat 2: Flo Magnifique
Seat 1: janarr5 (big blind) folded before Flop
Seat 3: VahTang_89 collected ($2.50)
Seat 4: m1lkdud folded before Flop (didn't bet)
Seat 5: ChuckNorrisQ (button) folded before Flop (didn't bet)
Seat 6: Pippa83 (small blind) folded before Flop



PokerStars Hand #254482151017:  Hold'em No Limit ($0.50/$1.00 USD) - 2025/01/21 11:03:11 WET [2025/01/21 6:03:11 ET]
Table 'Gotz III' 6-max Seat #6 is the button
Seat 1: janarr5 ($100 in chips) 
Seat 3: VahTang_89 ($103 in chips) 
Seat 4: m1lkdud ($248.29 in chips) 
Seat 5: ChuckNorrisQ ($100 in chips) 
Seat 6: Pippa83 ($153.67 in chips) 
janarr5: posts small blind $0.50
VahTang_89: posts big blind $1
*** HOLE CARDS ***
m1lkdud: raises $2.50 to $3.50
ChuckNorrisQ: folds 
Pippa83: folds 
janarr5: folds 
VahTang_89: raises $8.50 to $12
m1lkdud: calls $8.50
*** FLOP *** [2h 8d Tc]
Evelexy1 joins the table at seat #2 
VahTang_89: checks 
m1lkdud: checks 
*** TURN *** [2h 8d Tc] [2c]
VahTang_89: checks 
m1lkdud: checks 
*** RIVER *** [2h 8d Tc 2c] [8h]
VahTang_89: checks 
m1lkdud: checks 
*** SHOW DOWN ***
VahTang_89: shows [Qc As] (two pair, Eights and Deuces)
m1lkdud: mucks hand 
VahTang_89 collected $23.28 from pot
*** SUMMARY ***
Total pot $24.50 | Rake $1.22 
Board [2h 8d Tc 2c 8h]
Seat 1: janarr5 (small blind) folded before Flop
Seat 3: VahTang_89 (big blind) showed [Qc As] and won ($23.28) with two pair, Eights and Deuces
Seat 4: m1lkdud mucked
Seat 5: ChuckNorrisQ folded before Flop (didn't bet)
Seat 6: Pippa83 (button) folded before Flop (didn't bet)



PokerStars Hand #254482155206:  Hold'em No Limit ($0.50/$1.00 USD) - 2025/01/21 11:03:49 WET [2025/01/21 6:03:49 ET]
Table 'Gotz III' 6-max Seat #1 is the button
Seat 2: Evelexy1 ($100 in chips) is sitting out
Seat 1: janarr5 ($100 in chips) 
Seat 3: VahTang_89 ($114.28 in chips) 
Seat 4: m1lkdud ($236.29 in chips) 
Seat 5: ChuckNorrisQ ($100 in chips) 
Seat 6: Pippa83 ($153.67 in chips) 
VahTang_89: posts small blind $0.50
m1lkdud: posts big blind $1
*** HOLE CARDS ***
ChuckNorrisQ: folds 
Pippa83: raises $1.50 to $2.50
janarr5: folds 
VahTang_89: folds 
m1lkdud: folds 
Uncalled bet ($1.50) returned to Pippa83
Pippa83 collected $2.50 from pot
Pippa83: doesn't show hand 
*** SUMMARY ***
Total pot $2.50 | Rake $0 
Seat 2: Evelexy1
Seat 1: janarr5 (button) folded before Flop (didn't bet)
Seat 3: VahTang_89 (small blind) folded before Flop
Seat 4: m1lkdud (big blind) folded before Flop
Seat 5: ChuckNorrisQ folded before Flop (didn't bet)
Seat 6: Pippa83 collected ($2.50)



PokerStars Hand #254482157525:  Hold'em No Limit ($0.50/$1.00 USD) - 2025/01/21 11:04:10 WET [2025/01/21 6:04:10 ET]
Table 'Gotz III' 6-max Seat #3 is the button
Seat 2: Evelexy1 ($100 in chips) is sitting out
Seat 1: janarr5 ($100 in chips) 
Seat 3: VahTang_89 ($113.78 in chips) 
Seat 4: m1lkdud ($235.29 in chips) 
Seat 5: ChuckNorrisQ ($100 in chips) 
Seat 6: Pippa83 ($155.17 in chips) 
m1lkdud: posts small blind $0.50
ChuckNorrisQ: posts big blind $1
Evelexy1: sits out 
*** HOLE CARDS ***
Pippa83: folds 
janarr5: folds 
VahTang_89: raises $1.20 to $2.20
m1lkdud: calls $1.70
ChuckNorrisQ: calls $1.20
*** FLOP *** [8s 7c 6d]
m1lkdud: checks 
ChuckNorrisQ: checks 
VahTang_89: checks 
*** TURN *** [8s 7c 6d] [7d]
m1lkdud: checks 
ChuckNorrisQ: bets $3.14
VahTang_89: folds 
m1lkdud: folds 
Uncalled bet ($3.14) returned to ChuckNorrisQ
ChuckNorrisQ collected $6.27 from pot
ChuckNorrisQ: doesn't show hand 
*** SUMMARY ***
Total pot $6.60 | Rake $0.33 
Board [8s 7c 6d 7d]
Seat 2: Evelexy1
Seat 1: janarr5 folded before Flop (didn't bet)
Seat 3: VahTang_89 (button) folded on the Turn
Seat 4: m1lkdud (small blind) folded on the Turn
Seat 5: ChuckNorrisQ (big blind) collected ($6.27)
Seat 6: Pippa83 folded before Flop (didn't bet)



PokerStars Hand #254482161872:  Hold'em No Limit ($0.50/$1.00 USD) - 2025/01/21 11:04:49 WET [2025/01/21 6:04:49 ET]
Table 'Gotz III' 6-max Seat #4 is the button
Seat 2: Evelexy1 ($100 in chips) is sitting out
Seat 1: janarr5 ($100 in chips) 
Seat 3: VahTang_89 ($111.58 in chips) 
Seat 4: m1lkdud ($233.09 in chips) 
Seat 5: ChuckNorrisQ ($104.07 in chips) 
Seat 6: Pippa83 ($155.17 in chips) 
ChuckNorrisQ: posts small blind $0.50
Pippa83: posts big blind $1
Evelexy1: sits out 
*** HOLE CARDS ***
janarr5: folds 
VahTang_89: folds 
m1lkdud: folds 
ChuckNorrisQ: folds 
Uncalled bet ($0.50) returned to Pippa83
Pippa83 collected $1 from pot
Pippa83: doesn't show hand 
*** SUMMARY ***
Total pot $1 | Rake $0 
Seat 2: Evelexy1
Seat 1: janarr5 folded before Flop (didn't bet)
Seat 3: VahTang_89 folded before Flop (didn't bet)
Seat 4: m1lkdud (button) folded before Flop (didn't bet)
Seat 5: ChuckNorrisQ (small blind) folded before Flop
Seat 6: Pippa83 (big blind) collected ($1)



PokerStars Hand #254482163018:  Hold'em No Limit ($0.50/$1.00 USD) - 2025/01/21 11:05:00 WET [2025/01/21 6:05:00 ET]
Table 'Gotz III' 6-max Seat #5 is the button
Seat 2: Evelexy1 ($100 in chips) is sitting out
Seat 1: janarr5 ($100 in chips) 
Seat 3: VahTang_89 ($111.58 in chips) 
Seat 4: m1lkdud ($233.09 in chips) 
Seat 5: ChuckNorrisQ ($103.57 in chips) 
Seat 6: Pippa83 ($155.67 in chips) 
Pippa83: posts small blind $0.50
janarr5: posts big blind $1
Evelexy1: sits out 
*** HOLE CARDS ***
VahTang_89: raises $1.20 to $2.20
m1lkdud: folds 
ChuckNorrisQ: folds 
Pippa83: folds 
janarr5: calls $1.20
*** FLOP *** [Tc Qd 3h]
janarr5: checks 
VahTang_89: checks 
*** TURN *** [Tc Qd 3h] [4c]
janarr5: checks 
VahTang_89: bets $1.54
janarr5: folds 
Uncalled bet ($1.54) returned to VahTang_89
VahTang_89 collected $4.66 from pot
VahTang_89: doesn't show hand 
*** SUMMARY ***
Total pot $4.90 | Rake $0.24 
Board [Tc Qd 3h 4c]
Seat 2: Evelexy1
Seat 1: janarr5 (big blind) folded on the Turn
Seat 3: VahTang_89 collected ($4.66)
Seat 4: m1lkdud folded before Flop (didn't bet)
Seat 5: ChuckNorrisQ (button) folded before Flop (didn't bet)
Seat 6: Pippa83 (small blind) folded before Flop



PokerStars Hand #254482167018:  Hold'em No Limit ($0.50/$1.00 USD) - 2025/01/21 11:05:35 WET [2025/01/21 6:05:35 ET]
Table 'Gotz III' 6-max Seat #6 is the button
Seat 1: janarr5 ($100 in chips) 
Seat 2: Evelexy1 ($100 in chips) 
Seat 3: VahTang_89 ($114.04 in chips) 
Seat 4: m1lkdud ($233.09 in chips) 
Seat 5: ChuckNorrisQ ($103.57 in chips) 
Seat 6: Pippa83 ($155.17 in chips) 
janarr5: posts small blind $0.50
Evelexy1: posts big blind $1
*** HOLE CARDS ***
VahTang_89: raises $1.20 to $2.20
m1lkdud: folds 
ChuckNorrisQ: folds 
Pippa83: folds 
janarr5: folds 
Evelexy1: folds 
Uncalled bet ($1.20) returned to VahTang_89
VahTang_89 collected $2.50 from pot
VahTang_89: doesn't show hand 
*** SUMMARY ***
Total pot $2.50 | Rake $0 
Seat 1: janarr5 (small blind) folded before Flop
Seat 2: Evelexy1 (big blind) folded before Flop
Seat 3: VahTang_89 collected ($2.50)
Seat 4: m1lkdud folded before Flop (didn't bet)
Seat 5: ChuckNorrisQ folded before Flop (didn't bet)
Seat 6: Pippa83 (button) folded before Flop (didn't bet)



PokerStars Hand #254482168238:  Hold'em No Limit ($0.50/$1.00 USD) - 2025/01/21 11:05:46 WET [2025/01/21 6:05:46 ET]
Table 'Gotz III' 6-max Seat #1 is the button
Seat 1: janarr5 ($100 in chips) 
Seat 2: Evelexy1 ($100 in chips) 
Seat 3: VahTang_89 ($115.54 in chips) 
Seat 4: m1lkdud ($233.09 in chips) 
Seat 5: ChuckNorrisQ ($103.57 in chips) 
Seat 6: Pippa83 ($155.17 in chips) 
Evelexy1: posts small blind $0.50
VahTang_89: posts big blind $1
*** HOLE CARDS ***
m1lkdud: folds 
ChuckNorrisQ: folds 
Pippa83: folds 
janarr5: folds 
Evelexy1: folds 
Uncalled bet ($0.50) returned to VahTang_89
VahTang_89 collected $1 from pot
VahTang_89: doesn't show hand 
m1lkdud leaves the table
*** SUMMARY ***
Total pot $1 | Rake $0 
Seat 1: janarr5 (button) folded before Flop (didn't bet)
Seat 2: Evelexy1 (small blind) folded before Flop
Seat 3: VahTang_89 (big blind) collected ($1)
Seat 4: m1lkdud folded before Flop (didn't bet)
Seat 5: ChuckNorrisQ folded before Flop (didn't bet)
Seat 6: Pippa83 folded before Flop (didn't bet)



PokerStars Hand #254482170442:  Hold'em No Limit ($0.50/$1.00 USD) - 2025/01/21 11:06:06 WET [2025/01/21 6:06:06 ET]
Table 'Gotz III' 6-max Seat #2 is the button
Seat 1: janarr5 ($100 in chips) 
Seat 2: Evelexy1 ($100 in chips) 
Seat 3: VahTang_89 ($116.04 in chips) 
Seat 5: ChuckNorrisQ ($103.57 in chips) 
Seat 6: Pippa83 ($155.17 in chips) 
VahTang_89: posts small blind $0.50
ChuckNorrisQ: posts big blind $1
*** HOLE CARDS ***
Pippa83: folds 
janarr5: folds 
Evelexy1: folds 
Evelexy1 leaves the table
VahTang_89: folds 
Uncalled bet ($0.50) returned to ChuckNorrisQ
ChuckNorrisQ collected $1 from pot
ChuckNorrisQ: doesn't show hand 
*** SUMMARY ***
Total pot $1 | Rake $0 
Seat 1: janarr5 folded before Flop (didn't bet)
Seat 2: Evelexy1 (button) folded before Flop (didn't bet)
Seat 3: VahTang_89 (small blind) folded before Flop
Seat 5: ChuckNorrisQ (big blind) collected ($1)
Seat 6: Pippa83 folded before Flop (didn't bet)



PokerStars Hand #254482171667:  Hold'em No Limit ($0.50/$1.00 USD) - 2025/01/21 11:06:17 WET [2025/01/21 6:06:17 ET]
Table 'Gotz III' 6-max Seat #3 is the button
Seat 1: janarr5 ($100 in chips) 
Seat 3: VahTang_89 ($115.54 in chips) 
Seat 5: ChuckNorrisQ ($104.07 in chips) 
Seat 6: Pippa83 ($155.17 in chips) 
ChuckNorrisQ: posts small blind $0.50
Pippa83: posts big blind $1
*** HOLE CARDS ***
janarr5: folds 
VahTang_89: raises $1.20 to $2.20
ChuckNorrisQ: raises $8.65 to $10.85
Pippa83: folds 
Epitafios13 joins the table at seat #4 
VahTang_89: folds 
Uncalled bet ($8.65) returned to ChuckNorrisQ
ChuckNorrisQ collected $5.40 from pot
ChuckNorrisQ: doesn't show hand 
*** SUMMARY ***
Total pot $5.40 | Rake $0 
Seat 1: janarr5 folded before Flop (didn't bet)
Seat 3: VahTang_89 (button) folded before Flop
Seat 5: ChuckNorrisQ (small blind) collected ($5.40)
Seat 6: Pippa83 (big blind) folded before Flop



PokerStars Hand #254482174141:  Hold'em No Limit ($0.50/$1.00 USD) - 2025/01/21 11:06:39 WET [2025/01/21 6:06:39 ET]
Table 'Gotz III' 6-max Seat #5 is the button
Seat 1: janarr5 ($100 in chips) 
Seat 3: VahTang_89 ($113.34 in chips) 
Seat 4: Epitafios13 ($40 in chips) 
Seat 5: ChuckNorrisQ ($107.27 in chips) 
Seat 6: Pippa83 ($154.17 in chips) 
Pippa83: posts small blind $0.50
janarr5: posts big blind $1
Epitafios13: posts big blind $1
*** HOLE CARDS ***
VahTang_89: folds 
Epitafios13: checks 
Twistenko joins the table at seat #2 
ChuckNorrisQ: folds 
Pippa83: raises $4 to $5
janarr5: folds 
Epitafios13: folds 
Uncalled bet ($4) returned to Pippa83
Pippa83 collected $3 from pot
Pippa83: doesn't show hand 
*** SUMMARY ***
Total pot $3 | Rake $0 
Seat 1: janarr5 (big blind) folded before Flop
Seat 3: VahTang_89 folded before Flop (didn't bet)
Seat 4: Epitafios13 folded before Flop (didn't bet)
Seat 5: ChuckNorrisQ (button) folded before Flop (didn't bet)
Seat 6: Pippa83 (small blind) collected ($3)



PokerStars Hand #254482175574:  Hold'em No Limit ($0.50/$1.00 USD) - 2025/01/21 11:06:52 WET [2025/01/21 6:06:52 ET]
Table 'Gotz III' 6-max Seat #6 is the button
Seat 1: janarr5 ($100 in chips) 
Seat 2: Twistenko ($117.06 in chips) 
Seat 3: VahTang_89 ($113.34 in chips) 
Seat 4: Epitafios13 ($39 in chips) 
Seat 5: ChuckNorrisQ ($107.27 in chips) 
Seat 6: Pippa83 ($156.17 in chips) 
janarr5: posts small blind $0.50
Twistenko: posts big blind $1
*** HOLE CARDS ***
VahTang_89: folds 
Epitafios13: raises $1 to $2
ChuckNorrisQ: folds 
Pippa83: folds 
janarr5: folds 
Twistenko: folds 
Uncalled bet ($1) returned to Epitafios13
Epitafios13 collected $2.50 from pot
Epitafios13: doesn't show hand 
*** SUMMARY ***
Total pot $2.50 | Rake $0 
Seat 1: janarr5 (small blind) folded before Flop
Seat 2: Twistenko (big blind) folded before Flop
Seat 3: VahTang_89 folded before Flop (didn't bet)
Seat 4: Epitafios13 collected ($2.50)
Seat 5: ChuckNorrisQ folded before Flop (didn't bet)
Seat 6: Pippa83 (button) folded before Flop (didn't bet)



PokerStars Hand #254482177471:  Hold'em No Limit ($0.50/$1.00 USD) - 2025/01/21 11:07:09 WET [2025/01/21 6:07:09 ET]
Table 'Gotz III' 6-max Seat #1 is the button
Seat 1: janarr5 ($100 in chips) 
Seat 2: Twistenko ($116.06 in chips) 
Seat 3: VahTang_89 ($113.34 in chips) 
Seat 4: Epitafios13 ($40.50 in chips) 
Seat 5: ChuckNorrisQ ($107.27 in chips) 
Seat 6: Pippa83 ($156.17 in chips) 
Twistenko: posts small blind $0.50
VahTang_89: posts big blind $1
*** HOLE CARDS ***
Epitafios13: folds 
ChuckNorrisQ: folds 
Pippa83: folds 
janarr5: folds 
Twistenko: folds 
Uncalled bet ($0.50) returned to VahTang_89
VahTang_89 collected $1 from pot
VahTang_89: doesn't show hand 
*** SUMMARY ***
Total pot $1 | Rake $0 
Seat 1: janarr5 (button) folded before Flop (didn't bet)
Seat 2: Twistenko (small blind) folded before Flop
Seat 3: VahTang_89 (big blind) collected ($1)
Seat 4: Epitafios13 folded before Flop (didn't bet)
Seat 5: ChuckNorrisQ folded before Flop (didn't bet)
Seat 6: Pippa83 folded before Flop (didn't bet)



PokerStars Hand #254482178802:  Hold'em No Limit ($0.50/$1.00 USD) - 2025/01/21 11:07:20 WET [2025/01/21 6:07:20 ET]
Table 'Gotz III' 6-max Seat #2 is the button
Seat 1: janarr5 ($100 in chips) 
Seat 2: Twistenko ($115.56 in chips) 
Seat 3: VahTang_89 ($113.84 in chips) 
Seat 4: Epitafios13 ($40.50 in chips) 
Seat 5: ChuckNorrisQ ($107.27 in chips) 
Seat 6: Pippa83 ($156.17 in chips) 
VahTang_89: posts small blind $0.50
Epitafios13: posts big blind $1
*** HOLE CARDS ***
ChuckNorrisQ: folds 
Pippa83: folds 
janarr5: folds 
Twistenko: raises $1.50 to $2.50
VahTang_89: folds 
Epitafios13: calls $1.50
*** FLOP *** [Td 3s 8c]
Epitafios13: checks 
Twistenko: bets $1.72
Epitafios13: folds 
Uncalled bet ($1.72) returned to Twistenko
Twistenko collected $5.22 from pot
Twistenko: doesn't show hand 
*** SUMMARY ***
Total pot $5.50 | Rake $0.28 
Board [Td 3s 8c]
Seat 1: janarr5 folded before Flop (didn't bet)
Seat 2: Twistenko (button) collected ($5.22)
Seat 3: VahTang_89 (small blind) folded before Flop
Seat 4: Epitafios13 (big blind) folded on the Flop
Seat 5: ChuckNorrisQ folded before Flop (didn't bet)
Seat 6: Pippa83 folded before Flop (didn't bet)



PokerStars Hand #254482181943:  Hold'em No Limit ($0.50/$1.00 USD) - 2025/01/21 11:07:48 WET [2025/01/21 6:07:48 ET]
Table 'Gotz III' 6-max Seat #3 is the button
Seat 1: janarr5 ($100 in chips) 
Seat 2: Twistenko ($118.28 in chips) 
Seat 3: VahTang_89 ($113.34 in chips) 
Seat 4: Epitafios13 ($38 in chips) 
Seat 5: ChuckNorrisQ ($107.27 in chips) 
Seat 6: Pippa83 ($156.17 in chips) 
Epitafios13: posts small blind $0.50
ChuckNorrisQ: posts big blind $1
*** HOLE CARDS ***
Pippa83: folds 
janarr5: raises $1.25 to $2.25
Twistenko: folds 
VahTang_89: folds 
Epitafios13: folds 
ChuckNorrisQ: calls $1.25
*** FLOP *** [3d 7s Qs]
ChuckNorrisQ: checks 
janarr5: checks 
*** TURN *** [3d 7s Qs] [Kd]
ChuckNorrisQ: checks 
janarr5: bets $3.14
ChuckNorrisQ: folds 
Uncalled bet ($3.14) returned to janarr5
janarr5 collected $4.75 from pot
janarr5: doesn't show hand 
*** SUMMARY ***
Total pot $5 | Rake $0.25 
Board [3d 7s Qs Kd]
Seat 1: janarr5 collected ($4.75)
Seat 2: Twistenko folded before Flop (didn't bet)
Seat 3: VahTang_89 (button) folded before Flop (didn't bet)
Seat 4: Epitafios13 (small blind) folded before Flop
Seat 5: ChuckNorrisQ (big blind) folded on the Turn
Seat 6: Pippa83 folded before Flop (didn't bet)



PokerStars Hand #254482186251:  Hold'em No Limit ($0.50/$1.00 USD) - 2025/01/21 11:08:26 WET [2025/01/21 6:08:26 ET]
Table 'Gotz III' 6-max Seat #4 is the button
Seat 1: janarr5 ($102.50 in chips) 
Seat 2: Twistenko ($118.28 in chips) 
Seat 3: VahTang_89 ($113.34 in chips) 
Seat 4: Epitafios13 ($37.50 in chips) 
Seat 5: ChuckNorrisQ ($105.02 in chips) 
Seat 6: Pippa83 ($156.17 in chips) 
ChuckNorrisQ: posts small blind $0.50
Pippa83: posts big blind $1
*** HOLE CARDS ***
janarr5: folds 
Twistenko: folds 
VahTang_89: folds 
Epitafios13: raises $1 to $2
ChuckNorrisQ: folds 
Pippa83: folds 
Uncalled bet ($1) returned to Epitafios13
Epitafios13 collected $2.50 from pot
Epitafios13: doesn't show hand 
*** SUMMARY ***
Total pot $2.50 | Rake $0 
Seat 1: janarr5 folded before Flop (didn't bet)
Seat 2: Twistenko folded before Flop (didn't bet)
Seat 3: VahTang_89 folded before Flop (didn't bet)
Seat 4: Epitafios13 (button) collected ($2.50)
Seat 5: ChuckNorrisQ (small blind) folded before Flop
Seat 6: Pippa83 (big blind) folded before Flop



PokerStars Hand #254482187640:  Hold'em No Limit ($0.50/$1.00 USD) - 2025/01/21 11:08:39 WET [2025/01/21 6:08:39 ET]
Table 'Gotz III' 6-max Seat #5 is the button
Seat 1: janarr5 ($102.50 in chips) 
Seat 2: Twistenko ($118.28 in chips) 
Seat 3: VahTang_89 ($113.34 in chips) 
Seat 4: Epitafios13 ($39 in chips) 
Seat 5: ChuckNorrisQ ($104.52 in chips) 
Seat 6: Pippa83 ($155.17 in chips) 
Pippa83: posts small blind $0.50
janarr5: posts big blind $1
*** HOLE CARDS ***
Twistenko: folds 
VahTang_89: folds 
Epitafios13: folds 
ChuckNorrisQ: raises $1.50 to $2.50
Pippa83: folds 
janarr5: folds 
Uncalled bet ($1.50) returned to ChuckNorrisQ
ChuckNorrisQ collected $2.50 from pot
ChuckNorrisQ: doesn't show hand 
*** SUMMARY ***
Total pot $2.50 | Rake $0 
Seat 1: janarr5 (big blind) folded before Flop
Seat 2: Twistenko folded before Flop (didn't bet)
Seat 3: VahTang_89 folded before Flop (didn't bet)
Seat 4: Epitafios13 folded before Flop (didn't bet)
Seat 5: ChuckNorrisQ (button) collected ($2.50)
Seat 6: Pippa83 (small blind) folded before Flop



PokerStars Hand #254482188686:  Hold'em No Limit ($0.50/$1.00 USD) - 2025/01/21 11:08:48 WET [2025/01/21 6:08:48 ET]
Table 'Gotz III' 6-max Seat #6 is the button
Seat 1: janarr5 ($101.50 in chips) 
Seat 2: Twistenko ($118.28 in chips) 
Seat 3: VahTang_89 ($113.34 in chips) 
Seat 4: Epitafios13 ($39 in chips) 
Seat 5: ChuckNorrisQ ($106.02 in chips) 
Seat 6: Pippa83 ($154.67 in chips) 
janarr5: posts small blind $0.50
Twistenko: posts big blind $1
*** HOLE CARDS ***
VahTang_89: raises $1.20 to $2.20
Epitafios13: folds 
ChuckNorrisQ: folds 
Pippa83: folds 
janarr5: folds 
Twistenko: calls $1.20
*** FLOP *** [6d 9c Ks]
Twistenko: checks 
VahTang_89: bets $1.54
Twistenko: folds 
Uncalled bet ($1.54) returned to VahTang_89
VahTang_89 collected $4.66 from pot
VahTang_89: doesn't show hand 
*** SUMMARY ***
Total pot $4.90 | Rake $0.24 
Board [6d 9c Ks]
Seat 1: janarr5 (small blind) folded before Flop
Seat 2: Twistenko (big blind) folded on the Flop
Seat 3: VahTang_89 collected ($4.66)
Seat 4: Epitafios13 folded before Flop (didn't bet)
Seat 5: ChuckNorrisQ folded before Flop (didn't bet)
Seat 6: Pippa83 (button) folded before Flop (didn't bet)



PokerStars Hand #254482196352:  Hold'em No Limit ($0.50/$1.00 USD) - 2025/01/21 11:09:55 WET [2025/01/21 6:09:55 ET]
Table 'Gotz III' 6-max Seat #1 is the button
Seat 1: janarr5 ($101 in chips) 
Seat 2: Twistenko ($116.08 in chips) 
Seat 3: VahTang_89 ($115.80 in chips) 
Seat 4: Epitafios13 ($39 in chips) 
Seat 5: ChuckNorrisQ ($106.02 in chips) 
Seat 6: Pippa83 ($154.67 in chips) 
Twistenko: posts small blind $0.50
VahTang_89: posts big blind $1
*** HOLE CARDS ***
Epitafios13: folds 
ChuckNorrisQ: folds 
Pippa83: folds 
janarr5: folds 
Twistenko: raises $2 to $3
VahTang_89: folds 
Uncalled bet ($2) returned to Twistenko
Twistenko collected $2 from pot
Twistenko: doesn't show hand 
*** SUMMARY ***
Total pot $2 | Rake $0 
Seat 1: janarr5 (button) folded before Flop (didn't bet)
Seat 2: Twistenko (small blind) collected ($2)
Seat 3: VahTang_89 (big blind) folded before Flop
Seat 4: Epitafios13 folded before Flop (didn't bet)
Seat 5: ChuckNorrisQ folded before Flop (didn't bet)
Seat 6: Pippa83 folded before Flop (didn't bet)



PokerStars Hand #254482197953:  Hold'em No Limit ($0.50/$1.00 USD) - 2025/01/21 11:10:08 WET [2025/01/21 6:10:08 ET]
Table 'Gotz III' 6-max Seat #2 is the button
Seat 1: janarr5 ($101 in chips) 
Seat 2: Twistenko ($117.08 in chips) 
Seat 3: VahTang_89 ($114.80 in chips) 
Seat 4: Epitafios13 ($39 in chips) 
Seat 5: ChuckNorrisQ ($106.02 in chips) 
Seat 6: Pippa83 ($154.67 in chips) 
VahTang_89: posts small blind $0.50
Epitafios13: posts big blind $1
*** HOLE CARDS ***
ChuckNorrisQ: folds 
Pippa83: folds 
janarr5: folds 
Twistenko: raises $1.50 to $2.50
VahTang_89: raises $8.50 to $11
Epitafios13: raises $28 to $39 and is all-in
Twistenko: folds 
VahTang_89: calls $28
*** FLOP *** [8h 7d 5s]
*** TURN *** [8h 7d 5s] [3s]
*** RIVER *** [8h 7d 5s 3s] [Qh]
*** SHOW DOWN ***
VahTang_89: shows [Kh Ah] (high card Ace)
Epitafios13: shows [Ks Ac] (high card Ace)
VahTang_89 collected $39 from pot
Epitafios13 cashed out the hand for $36.31 | Cash Out Fee $0.74
*** SUMMARY ***
Total pot $80.50 | Rake $2.50 
Board [8h 7d 5s 3s Qh]
Seat 1: janarr5 folded before Flop (didn't bet)
Seat 2: Twistenko (button) folded before Flop
Seat 3: VahTang_89 (small blind) showed [Kh Ah] and won ($39) with high card Ace
Seat 4: Epitafios13 (big blind) showed [Ks Ac] and won ($39) with high card Ace (pot not awarded as player cashed out)
Seat 5: ChuckNorrisQ folded before Flop (didn't bet)
Seat 6: Pippa83 folded before Flop (didn't bet)



PokerStars Hand #254482201849:  Hold'em No Limit ($0.50/$1.00 USD) - 2025/01/21 11:10:43 WET [2025/01/21 6:10:43 ET]
Table 'Gotz III' 6-max Seat #3 is the button
Seat 1: janarr5 ($101 in chips) 
Seat 2: Twistenko ($114.58 in chips) 
Seat 3: VahTang_89 ($114.80 in chips) 
Seat 4: Epitafios13 ($36.31 in chips) 
Seat 5: ChuckNorrisQ ($106.02 in chips) 
Seat 6: Pippa83 ($154.67 in chips) 
Epitafios13: posts small blind $0.50
ChuckNorrisQ: posts big blind $1
*** HOLE CARDS ***
Pippa83: folds 
janarr5: folds 
Twistenko: folds 
VahTang_89: raises $1.20 to $2.20
Epitafios13: calls $1.70
ChuckNorrisQ: raises $10.80 to $13
VahTang_89: folds 
Epitafios13: folds 
Uncalled bet ($10.80) returned to ChuckNorrisQ
ChuckNorrisQ collected $6.60 from pot
ChuckNorrisQ: doesn't show hand 
*** SUMMARY ***
Total pot $6.60 | Rake $0 
Seat 1: janarr5 folded before Flop (didn't bet)
Seat 2: Twistenko folded before Flop (didn't bet)
Seat 3: VahTang_89 (button) folded before Flop
Seat 4: Epitafios13 (small blind) folded before Flop
Seat 5: ChuckNorrisQ (big blind) collected ($6.60)
Seat 6: Pippa83 folded before Flop (didn't bet)



PokerStars Hand #254482206133:  Hold'em No Limit ($0.50/$1.00 USD) - 2025/01/21 11:11:20 WET [2025/01/21 6:11:20 ET]
Table 'Gotz III' 6-max Seat #4 is the button
Seat 1: janarr5 ($101 in chips) 
Seat 2: Twistenko ($114.58 in chips) 
Seat 3: VahTang_89 ($112.60 in chips) 
Seat 4: Epitafios13 ($34.11 in chips) 
Seat 5: ChuckNorrisQ ($110.42 in chips) 
Seat 6: Pippa83 ($154.67 in chips) 
ChuckNorrisQ: posts small blind $0.50
Pippa83: posts big blind $1
*** HOLE CARDS ***
janarr5: folds 
Twistenko: raises $1.30 to $2.30
VahTang_89: folds 
Epitafios13: raises $3.70 to $6
ChuckNorrisQ: raises $10 to $16
Pippa83: folds 
Twistenko: raises $98.58 to $114.58 and is all-in
Epitafios13: calls $28.11 and is all-in
ChuckNorrisQ: calls $94.42 and is all-in
Uncalled bet ($4.16) returned to Twistenko
*** FLOP *** [4c 5s 2h]
*** TURN *** [4c 5s 2h] [Th]
*** RIVER *** [4c 5s 2h Th] [8s]
*** SHOW DOWN ***
ChuckNorrisQ: shows [Kc Ks] (a pair of Kings)
Twistenko: shows [Ad As] (a pair of Aces)
Twistenko collected $152.62 from side pot
Epitafios13: shows [Js Jh] (a pair of Jacks)
Twistenko collected $100.83 from main pot
*** SUMMARY ***
Total pot $255.95 Main pot $100.83. Side pot $152.62. | Rake $2.50 
Board [4c 5s 2h Th 8s]
Seat 1: janarr5 folded before Flop (didn't bet)
Seat 2: Twistenko showed [Ad As] and won ($253.45) with a pair of Aces
Seat 3: VahTang_89 folded before Flop (didn't bet)
Seat 4: Epitafios13 (button) showed [Js Jh] and lost with a pair of Jacks
Seat 5: ChuckNorrisQ (small blind) showed [Kc Ks] and lost with a pair of Kings
Seat 6: Pippa83 (big blind) folded before Flop



PokerStars Hand #254482211800:  Hold'em No Limit ($0.50/$1.00 USD) - 2025/01/21 11:12:08 WET [2025/01/21 6:12:08 ET]
Table 'Gotz III' 6-max Seat #5 is the button
Seat 1: janarr5 ($101 in chips) 
Seat 2: Twistenko ($257.61 in chips) 
Seat 3: VahTang_89 ($112.60 in chips) 
Seat 5: ChuckNorrisQ ($100 in chips) 
Seat 6: Pippa83 ($153.67 in chips) 
Pippa83: posts small blind $0.50
janarr5: posts big blind $1
*** HOLE CARDS ***
Twistenko: folds 
VahTang_89: folds 
ChuckNorrisQ: raises $1.50 to $2.50
Pippa83: folds 
janarr5: calls $1.50
*** FLOP *** [7c Jh 7d]
Pippa83 leaves the table
janarr5: checks 
ChuckNorrisQ: checks 
*** TURN *** [7c Jh 7d] [Td]
janarr5: bets $5.22
ChuckNorrisQ: folds 
Uncalled bet ($5.22) returned to janarr5
janarr5 collected $5.22 from pot
janarr5: doesn't show hand 
*** SUMMARY ***
Total pot $5.50 | Rake $0.28 
Board [7c Jh 7d Td]
Seat 1: janarr5 (big blind) collected ($5.22)
Seat 2: Twistenko folded before Flop (didn't bet)
Seat 3: VahTang_89 folded before Flop (didn't bet)
Seat 5: ChuckNorrisQ (button) folded on the Turn
Seat 6: Pippa83 (small blind) folded before Flop



PokerStars Hand #254482216781:  Hold'em No Limit ($0.50/$1.00 USD) - 2025/01/21 11:12:50 WET [2025/01/21 6:12:50 ET]
Table 'Gotz III' 6-max Seat #1 is the button
Seat 3: VahTang_89 ($112.60 in chips) is sitting out
Seat 1: janarr5 ($103.72 in chips) 
Seat 2: Twistenko ($257.61 in chips) 
Seat 5: ChuckNorrisQ ($100 in chips) 
Twistenko: posts small blind $0.50
VahTang_89: is sitting out 
ChuckNorrisQ: posts big blind $1
*** HOLE CARDS ***
janarr5: raises $1.50 to $2.50
VahTang_89 leaves the table
Twistenko: folds 
acehighdro joins the table at seat #6 
ChuckNorrisQ: calls $1.50
*** FLOP *** [Kd 7d Jd]
gudrozd joins the table at seat #3 
ChuckNorrisQ: checks 
janarr5: bets $1.31
ChuckNorrisQ: calls $1.31
*** TURN *** [Kd 7d Jd] [Qh]
ChuckNorrisQ: checks 
janarr5: checks 
*** RIVER *** [Kd 7d Jd Qh] [4h]
Twistenko leaves the table
ChuckNorrisQ: checks 
janarr5: checks 
*** SHOW DOWN ***
ChuckNorrisQ: shows [6h 6d] (a pair of Sixes)
janarr5: shows [Ah Jh] (a pair of Jacks)
janarr5 collected $7.71 from pot
*** SUMMARY ***
Total pot $8.12 | Rake $0.41 
Board [Kd 7d Jd Qh 4h]
Seat 3: VahTang_89
Seat 1: janarr5 (button) showed [Ah Jh] and won ($7.71) with a pair of Jacks
Seat 2: Twistenko (small blind) folded before Flop
Seat 5: ChuckNorrisQ (big blind) showed [6h 6d] and lost with a pair of Sixes



PokerStars Hand #254482224816:  Hold'em No Limit ($0.50/$1.00 USD) - 2025/01/21 11:14:00 WET [2025/01/21 6:14:00 ET]
Table 'Gotz III' 6-max Seat #3 is the button
Seat 3: gudrozd ($125.15 in chips) 
Seat 6: acehighdro ($100 in chips) 
gudrozd: posts small blind $0.50
acehighdro: posts big blind $1
*** HOLE CARDS ***
JoeBlack_MS joins the table at seat #1 
gudrozd: folds 
Uncalled bet ($0.50) returned to acehighdro
acehighdro collected $1 from pot
acehighdro: doesn't show hand 
*** SUMMARY ***
Total pot $1 | Rake $0 
Seat 3: gudrozd (button) (small blind) folded before Flop
Seat 6: acehighdro (big blind) collected ($1)



PokerStars Hand #254482224816:  Hold'em No Limit ($0.50/$1.00 USD) - 2025/01/21 11:14:00 WET [2025/01/21 6:14:00 ET]
Table 'Gotz III' 6-max Seat #3 is the button
Seat 3: gudrozd ($125.15 in chips) 
Seat 6: acehighdro ($100 in chips) 
gudrozd: posts small blind $0.50
acehighdro: posts big blind $1
*** HOLE CARDS ***
JoeBlack_MS joins the table at seat #1 
gudrozd: folds 
Uncalled bet ($0.50) returned to acehighdro
acehighdro collected $1 from pot
acehighdro: doesn't show hand 
*** SUMMARY ***
Total pot $1 | Rake $0 
Seat 3: gudrozd (button) (small blind) folded before Flop
Seat 6: acehighdro (big blind) collected ($1)



