PokerStars Hand #254483782020:  Hold'em No Limit ($0.50/$1.00 USD) - 2025/01/21 14:17:10 WET [2025/01/21 9:17:10 ET]
Table 'Otero III' 6-max Seat #4 is the button
Seat 5: jeffy27dt1 ($102.25 in chips) is sitting out
Seat 2: Melenya ($100 in chips) 
Seat 4: M1k_DP ($100 in chips) 
M1k_DP: posts small blind $0.50
Melenya: posts big blind $1
*** HOLE CARDS ***
M1k_DP: raises $1.50 to $2.50
Melenya: folds 
Uncalled bet ($1.50) returned to M1k_DP
M1k_DP collected $2 from pot
M1k_DP: doesn't show hand 
*** SUMMARY ***
Total pot $2 | Rake $0 
Seat 5: jeffy27dt1
Seat 2: Melenya (big blind) folded before Flop
Seat 4: M1k_DP (button) (small blind) collected ($2)



PokerStars Hand #254483783760:  Hold'em No Limit ($0.50/$1.00 USD) - 2025/01/21 14:17:20 WET [2025/01/21 9:17:20 ET]
Table 'Otero III' 6-max Seat #2 is the button
Seat 5: jeffy27dt1 ($102.25 in chips) is sitting out
Seat 2: Melenya ($100 in chips) 
Seat 4: M1k_DP ($101 in chips) 
Melenya: posts small blind $0.50
M1k_DP: posts big blind $1
*** HOLE CARDS ***
Melenya: raises $1.50 to $2.50
M1k_DP: raises $9 to $11.50
Melenya: calls $9
*** FLOP *** [Ks 2d Ac]
M1k_DP: checks 
Melenya: checks 
*** TURN *** [Ks 2d Ac] [Tc]
M1k_DP: checks 
Melenya: checks 
*** RIVER *** [Ks 2d Ac Tc] [9d]
M1k_DP: checks 
Melenya: checks 
*** SHOW DOWN ***
M1k_DP: shows [7s 7d] (a pair of Sevens)
Melenya: mucks hand 
M1k_DP collected $22 from pot
*** SUMMARY ***
Total pot $23 | Rake $1 
Board [Ks 2d Ac Tc 9d]
Seat 5: jeffy27dt1
Seat 2: Melenya (button) (small blind) mucked
Seat 4: M1k_DP (big blind) showed [7s 7d] and won ($22) with a pair of Sevens



PokerStars Hand #254483799278:  Hold'em No Limit ($0.50/$1.00 USD) - 2025/01/21 14:18:50 WET [2025/01/21 9:18:50 ET]
Table 'Otero III' 6-max Seat #2 is the button
Seat 2: Melenya ($100 in chips) 
Seat 4: M1k_DP ($111.50 in chips) 
Seat 5: jeffy27dt1 ($102.25 in chips) 
M1k_DP: posts small blind $0.50
jeffy27dt1: posts big blind $1
*** HOLE CARDS ***
Melenya: folds 
M1k_DP: folds 
Uncalled bet ($0.50) returned to jeffy27dt1
jeffy27dt1 collected $1 from pot
jeffy27dt1: doesn't show hand 
*** SUMMARY ***
Total pot $1 | Rake $0 
Seat 2: Melenya (button) folded before Flop (didn't bet)
Seat 4: M1k_DP (small blind) folded before Flop
Seat 5: jeffy27dt1 (big blind) collected ($1)



PokerStars Hand #254483801454:  Hold'em No Limit ($0.50/$1.00 USD) - 2025/01/21 14:19:03 WET [2025/01/21 9:19:03 ET]
Table 'Otero III' 6-max Seat #4 is the button
Seat 2: Melenya ($100 in chips) 
Seat 4: M1k_DP ($111 in chips) 
Seat 5: jeffy27dt1 ($102.75 in chips) 
jeffy27dt1: posts small blind $0.50
Melenya: posts big blind $1
*** HOLE CARDS ***
M1k_DP: folds 
jeffy27dt1: raises $2 to $3
Melenya: folds 
Uncalled bet ($2) returned to jeffy27dt1
jeffy27dt1 collected $2 from pot
jeffy27dt1: doesn't show hand 
*** SUMMARY ***
Total pot $2 | Rake $0 
Seat 2: Melenya (big blind) folded before Flop
Seat 4: M1k_DP (button) folded before Flop (didn't bet)
Seat 5: jeffy27dt1 (small blind) collected ($2)



PokerStars Hand #254483806369:  Hold'em No Limit ($0.50/$1.00 USD) - 2025/01/21 14:19:31 WET [2025/01/21 9:19:31 ET]
Table 'Otero III' 6-max Seat #5 is the button
Seat 2: Melenya ($100 in chips) 
Seat 4: M1k_DP ($111 in chips) 
Seat 5: jeffy27dt1 ($103.75 in chips) 
Melenya: posts small blind $0.50
M1k_DP: posts big blind $1
*** HOLE CARDS ***
jeffy27dt1: folds 
Melenya: raises $2 to $3
M1k_DP: calls $2
*** FLOP *** [7d Qc 6h]
Melenya: bets $1.90
M1k_DP: folds 
Uncalled bet ($1.90) returned to Melenya
Melenya collected $5.70 from pot
Melenya: doesn't show hand 
*** SUMMARY ***
Total pot $6 | Rake $0.30 
Board [7d Qc 6h]
Seat 2: Melenya (small blind) collected ($5.70)
Seat 4: M1k_DP (big blind) folded on the Flop
Seat 5: jeffy27dt1 (button) folded before Flop (didn't bet)



PokerStars Hand #254483810749:  Hold'em No Limit ($0.50/$1.00 USD) - 2025/01/21 14:19:56 WET [2025/01/21 9:19:56 ET]
Table 'Otero III' 6-max Seat #2 is the button
Seat 2: Melenya ($102.70 in chips) 
Seat 4: M1k_DP ($108 in chips) 
Seat 5: jeffy27dt1 ($103.75 in chips) 
M1k_DP: posts small blind $0.50
jeffy27dt1: posts big blind $1
*** HOLE CARDS ***
Melenya: folds 
M1k_DP: folds 
Uncalled bet ($0.50) returned to jeffy27dt1
jeffy27dt1 collected $1 from pot
jeffy27dt1: doesn't show hand 
*** SUMMARY ***
Total pot $1 | Rake $0 
Seat 2: Melenya (button) folded before Flop (didn't bet)
Seat 4: M1k_DP (small blind) folded before Flop
Seat 5: jeffy27dt1 (big blind) collected ($1)



PokerStars Hand #254483812576:  Hold'em No Limit ($0.50/$1.00 USD) - 2025/01/21 14:20:06 WET [2025/01/21 9:20:06 ET]
Table 'Otero III' 6-max Seat #5 is the button
Seat 2: Melenya ($102.70 in chips) is sitting out
Seat 4: M1k_DP ($107.50 in chips) 
Seat 5: jeffy27dt1 ($104.25 in chips) 
jeffy27dt1: posts small blind $0.50
Melenya: is sitting out 
M1k_DP: posts big blind $1
*** HOLE CARDS ***
jeffy27dt1: raises $1.50 to $2.50
M1k_DP: folds 
Uncalled bet ($1.50) returned to jeffy27dt1
jeffy27dt1 collected $2 from pot
jeffy27dt1: doesn't show hand 
*** SUMMARY ***
Total pot $2 | Rake $0 
Seat 2: Melenya
Seat 4: M1k_DP (big blind) folded before Flop
Seat 5: jeffy27dt1 (button) (small blind) collected ($2)



PokerStars Hand #254483814473:  Hold'em No Limit ($0.50/$1.00 USD) - 2025/01/21 14:20:17 WET [2025/01/21 9:20:17 ET]
Table 'Otero III' 6-max Seat #4 is the button
Seat 2: Melenya ($102.70 in chips) is sitting out
Seat 4: M1k_DP ($106.50 in chips) 
Seat 5: jeffy27dt1 ($105.25 in chips) 
M1k_DP: posts small blind $0.50
jeffy27dt1: posts big blind $1
*** HOLE CARDS ***
M1k_DP: raises $1.50 to $2.50
jeffy27dt1: folds 
Uncalled bet ($1.50) returned to M1k_DP
M1k_DP collected $2 from pot
M1k_DP: doesn't show hand 
*** SUMMARY ***
Total pot $2 | Rake $0 
Seat 2: Melenya
Seat 4: M1k_DP (button) (small blind) collected ($2)
Seat 5: jeffy27dt1 (big blind) folded before Flop



PokerStars Hand #254483816197:  Hold'em No Limit ($0.50/$1.00 USD) - 2025/01/21 14:20:27 WET [2025/01/21 9:20:27 ET]
Table 'Otero III' 6-max Seat #5 is the button
Seat 2: Melenya ($102.70 in chips) is sitting out
Seat 4: M1k_DP ($107.50 in chips) 
Seat 5: jeffy27dt1 ($104.25 in chips) 
jeffy27dt1: posts small blind $0.50
M1k_DP: posts big blind $1
*** HOLE CARDS ***
Melenya leaves the table
jeffy27dt1: raises $1.50 to $2.50
M1k_DP: raises $9 to $11.50
jeffy27dt1: raises $12.50 to $24
M1k_DP: folds 
Uncalled bet ($12.50) returned to jeffy27dt1
jeffy27dt1 collected $23 from pot
jeffy27dt1: doesn't show hand 
*** SUMMARY ***
Total pot $23 | Rake $0 
Seat 2: Melenya
Seat 4: M1k_DP (big blind) folded before Flop
Seat 5: jeffy27dt1 (button) (small blind) collected ($23)



PokerStars Hand #254483880933:  Hold'em No Limit ($0.50/$1.00 USD) - 2025/01/21 14:26:38 WET [2025/01/21 9:26:38 ET]
Table 'Otero III' 6-max Seat #6 is the button
Seat 5: jeffy27dt1 ($115.75 in chips) is sitting out
Seat 1: nastja336 ($100 in chips) 
Seat 2: MakoEv ($100 in chips) 
Seat 3: Burlica2013 ($100 in chips) 
Seat 4: ReVeu710 ($100 in chips) 
Seat 6: franbasualdo10 ($20.09 in chips) 
nastja336: posts small blind $0.50
MakoEv: posts big blind $1
*** HOLE CARDS ***
Burlica2013: folds 
ReVeu710: raises $1.30 to $2.30
franbasualdo10: folds 
nastja336: folds 
MakoEv: folds 
Uncalled bet ($1.30) returned to ReVeu710
ReVeu710 collected $2.50 from pot
ReVeu710: doesn't show hand 
*** SUMMARY ***
Total pot $2.50 | Rake $0 
Seat 5: jeffy27dt1
Seat 1: nastja336 (small blind) folded before Flop
Seat 2: MakoEv (big blind) folded before Flop
Seat 3: Burlica2013 folded before Flop (didn't bet)
Seat 4: ReVeu710 collected ($2.50)
Seat 6: franbasualdo10 (button) folded before Flop (didn't bet)



PokerStars Hand #254483884852:  Hold'em No Limit ($0.50/$1.00 USD) - 2025/01/21 14:27:00 WET [2025/01/21 9:27:00 ET]
Table 'Otero III' 6-max Seat #1 is the button
Seat 5: jeffy27dt1 ($115.75 in chips) is sitting out
Seat 1: nastja336 ($100 in chips) 
Seat 2: MakoEv ($100 in chips) 
Seat 3: Burlica2013 ($100 in chips) 
Seat 4: ReVeu710 ($101.50 in chips) 
Seat 6: franbasualdo10 ($20.09 in chips) 
MakoEv: posts small blind $0.50
Burlica2013: posts big blind $1
*** HOLE CARDS ***
ReVeu710: folds 
franbasualdo10: raises $1 to $2
nastja336: folds 
MakoEv: folds 
Burlica2013: folds 
Uncalled bet ($1) returned to franbasualdo10
franbasualdo10 collected $2.50 from pot
*** SUMMARY ***
Total pot $2.50 | Rake $0 
Seat 5: jeffy27dt1
Seat 1: nastja336 (button) folded before Flop (didn't bet)
Seat 2: MakoEv (small blind) folded before Flop
Seat 3: Burlica2013 (big blind) folded before Flop
Seat 4: ReVeu710 folded before Flop (didn't bet)
Seat 6: franbasualdo10 collected ($2.50)



PokerStars Hand #254483887190:  Hold'em No Limit ($0.50/$1.00 USD) - 2025/01/21 14:27:13 WET [2025/01/21 9:27:13 ET]
Table 'Otero III' 6-max Seat #2 is the button
Seat 5: jeffy27dt1 ($115.75 in chips) is sitting out
Seat 1: nastja336 ($100 in chips) 
Seat 2: MakoEv ($100 in chips) 
Seat 3: Burlica2013 ($100 in chips) 
Seat 4: ReVeu710 ($101.50 in chips) 
Seat 6: franbasualdo10 ($21.59 in chips) 
Burlica2013: posts small blind $0.50
ReVeu710: posts big blind $1
*** HOLE CARDS ***
franbasualdo10: calls $1
nastja336: folds 
MakoEv: folds 
Burlica2013: raises $3 to $4
ReVeu710: folds 
franbasualdo10: folds 
Uncalled bet ($3) returned to Burlica2013
Burlica2013 collected $3 from pot
Burlica2013: doesn't show hand 
*** SUMMARY ***
Total pot $3 | Rake $0 
Seat 5: jeffy27dt1
Seat 1: nastja336 folded before Flop (didn't bet)
Seat 2: MakoEv (button) folded before Flop (didn't bet)
Seat 3: Burlica2013 (small blind) collected ($3)
Seat 4: ReVeu710 (big blind) folded before Flop
Seat 6: franbasualdo10 folded before Flop



PokerStars Hand #254483890931:  Hold'em No Limit ($0.50/$1.00 USD) - 2025/01/21 14:27:34 WET [2025/01/21 9:27:34 ET]
Table 'Otero III' 6-max Seat #3 is the button
Seat 5: jeffy27dt1 ($115.75 in chips) is sitting out
Seat 1: nastja336 ($100 in chips) 
Seat 2: MakoEv ($100 in chips) 
Seat 3: Burlica2013 ($102 in chips) 
Seat 4: ReVeu710 ($100.50 in chips) 
Seat 6: franbasualdo10 ($20.59 in chips) 
ReVeu710: posts small blind $0.50
franbasualdo10: posts big blind $1
*** HOLE CARDS ***
nastja336: folds 
MakoEv: folds 
Burlica2013: raises $1.45 to $2.45
ReVeu710: folds 
franbasualdo10: calls $1.45
*** FLOP *** [9c 5s 9s]
franbasualdo10: checks 
Burlica2013: bets $1.69
franbasualdo10: calls $1.69
*** TURN *** [9c 5s 9s] [2h]
franbasualdo10: checks 
Burlica2013: checks 
*** RIVER *** [9c 5s 9s 2h] [Jd]
franbasualdo10: bets $4
Burlica2013: folds 
Uncalled bet ($4) returned to franbasualdo10
franbasualdo10 collected $8.34 from pot
*** SUMMARY ***
Total pot $8.78 | Rake $0.44 
Board [9c 5s 9s 2h Jd]
Seat 5: jeffy27dt1
Seat 1: nastja336 folded before Flop (didn't bet)
Seat 2: MakoEv folded before Flop (didn't bet)
Seat 3: Burlica2013 (button) folded on the River
Seat 4: ReVeu710 (small blind) folded before Flop
Seat 6: franbasualdo10 (big blind) collected ($8.34)



PokerStars Hand #254483900653:  Hold'em No Limit ($0.50/$1.00 USD) - 2025/01/21 14:28:29 WET [2025/01/21 9:28:29 ET]
Table 'Otero III' 6-max Seat #4 is the button
Seat 5: jeffy27dt1 ($115.75 in chips) is sitting out
Seat 1: nastja336 ($100 in chips) 
Seat 2: MakoEv ($100 in chips) 
Seat 3: Burlica2013 ($100 in chips) 
Seat 4: ReVeu710 ($100 in chips) 
Seat 6: franbasualdo10 ($24.79 in chips) 
franbasualdo10: posts small blind $0.50
nastja336: posts big blind $1
*** HOLE CARDS ***
MakoEv: folds 
Burlica2013: raises $1.25 to $2.25
ReVeu710: folds 
franbasualdo10: folds 
nastja336: calls $1.25
*** FLOP *** [Jc 7s Kd]
nastja336: checks 
Burlica2013: bets $1.57
nastja336: calls $1.57
*** TURN *** [Jc 7s Kd] [Kh]
nastja336: checks 
Burlica2013: checks 
*** RIVER *** [Jc 7s Kd Kh] [7c]
nastja336: checks 
Burlica2013: checks 
*** SHOW DOWN ***
nastja336: shows [Jd Qh] (two pair, Kings and Jacks)
Burlica2013: mucks hand 
nastja336 collected $7.73 from pot
*** SUMMARY ***
Total pot $8.14 | Rake $0.41 
Board [Jc 7s Kd Kh 7c]
Seat 5: jeffy27dt1
Seat 1: nastja336 (big blind) showed [Jd Qh] and won ($7.73) with two pair, Kings and Jacks
Seat 2: MakoEv folded before Flop (didn't bet)
Seat 3: Burlica2013 mucked
Seat 4: ReVeu710 (button) folded before Flop (didn't bet)
Seat 6: franbasualdo10 (small blind) folded before Flop



PokerStars Hand #254483914178:  Hold'em No Limit ($0.50/$1.00 USD) - 2025/01/21 14:29:46 WET [2025/01/21 9:29:46 ET]
Table 'Otero III' 6-max Seat #6 is the button
Seat 5: jeffy27dt1 ($115.75 in chips) is sitting out
Seat 1: nastja336 ($103.91 in chips) 
Seat 2: MakoEv ($100 in chips) 
Seat 3: Burlica2013 ($100 in chips) 
Seat 4: ReVeu710 ($100 in chips) 
Seat 6: franbasualdo10 ($24.29 in chips) 
nastja336: posts small blind $0.50
MakoEv: posts big blind $1
jeffy27dt1: sits out 
*** HOLE CARDS ***
Burlica2013: folds 
ReVeu710: folds 
franbasualdo10: folds 
nastja336: folds 
Uncalled bet ($0.50) returned to MakoEv
MakoEv collected $1 from pot
MakoEv: doesn't show hand 
*** SUMMARY ***
Total pot $1 | Rake $0 
Seat 5: jeffy27dt1
Seat 1: nastja336 (small blind) folded before Flop
Seat 2: MakoEv (big blind) collected ($1)
Seat 3: Burlica2013 folded before Flop (didn't bet)
Seat 4: ReVeu710 folded before Flop (didn't bet)
Seat 6: franbasualdo10 (button) folded before Flop (didn't bet)



PokerStars Hand #254483917779:  Hold'em No Limit ($0.50/$1.00 USD) - 2025/01/21 14:30:05 WET [2025/01/21 9:30:05 ET]
Table 'Otero III' 6-max Seat #1 is the button
Seat 5: jeffy27dt1 ($115.75 in chips) is sitting out
Seat 1: nastja336 ($103.41 in chips) 
Seat 2: MakoEv ($100.50 in chips) 
Seat 3: Burlica2013 ($100 in chips) 
Seat 4: ReVeu710 ($100 in chips) 
Seat 6: franbasualdo10 ($24.29 in chips) 
MakoEv: posts small blind $0.50
Burlica2013: posts big blind $1
jeffy27dt1: sits out 
*** HOLE CARDS ***
ReVeu710: folds 
franbasualdo10: folds 
nastja336: folds 
ReVeu710 leaves the table
MakoEv: folds 
Uncalled bet ($0.50) returned to Burlica2013
Burlica2013 collected $1 from pot
Burlica2013: doesn't show hand 
*** SUMMARY ***
Total pot $1 | Rake $0 
Seat 5: jeffy27dt1
Seat 1: nastja336 (button) folded before Flop (didn't bet)
Seat 2: MakoEv (small blind) folded before Flop
Seat 3: Burlica2013 (big blind) collected ($1)
Seat 4: ReVeu710 folded before Flop (didn't bet)
Seat 6: franbasualdo10 folded before Flop (didn't bet)



PokerStars Hand #254483921548:  Hold'em No Limit ($0.50/$1.00 USD) - 2025/01/21 14:30:27 WET [2025/01/21 9:30:27 ET]
Table 'Otero III' 6-max Seat #2 is the button
Seat 1: nastja336 ($103.41 in chips) 
Seat 2: MakoEv ($100 in chips) 
Seat 3: Burlica2013 ($100.50 in chips) 
Seat 5: jeffy27dt1 ($115.75 in chips) 
Seat 6: franbasualdo10 ($24.29 in chips) 
Burlica2013: posts small blind $0.50
jeffy27dt1: posts big blind $1
*** HOLE CARDS ***
franbasualdo10: folds 
nastja336: raises $1.50 to $2.50
Pon4uk.ua joins the table at seat #4 
MakoEv: folds 
Burlica2013: folds 
jeffy27dt1: folds 
Uncalled bet ($1.50) returned to nastja336
nastja336 collected $2.50 from pot
nastja336: doesn't show hand 
*** SUMMARY ***
Total pot $2.50 | Rake $0 
Seat 1: nastja336 collected ($2.50)
Seat 2: MakoEv (button) folded before Flop (didn't bet)
Seat 3: Burlica2013 (small blind) folded before Flop
Seat 5: jeffy27dt1 (big blind) folded before Flop
Seat 6: franbasualdo10 folded before Flop (didn't bet)



PokerStars Hand #254483924858:  Hold'em No Limit ($0.50/$1.00 USD) - 2025/01/21 14:30:45 WET [2025/01/21 9:30:45 ET]
Table 'Otero III' 6-max Seat #3 is the button
Seat 4: Pon4uk.ua ($100 in chips) is sitting out
Seat 1: nastja336 ($104.91 in chips) 
Seat 2: MakoEv ($100 in chips) 
Seat 3: Burlica2013 ($100 in chips) 
Seat 5: jeffy27dt1 ($114.75 in chips) 
Seat 6: franbasualdo10 ($24.29 in chips) 
jeffy27dt1: posts small blind $0.50
franbasualdo10: posts big blind $1
*** HOLE CARDS ***
nastja336: folds 
MakoEv: folds 
Burlica2013: folds 
jeffy27dt1: folds 
Uncalled bet ($0.50) returned to franbasualdo10
franbasualdo10 collected $1 from pot
*** SUMMARY ***
Total pot $1 | Rake $0 
Seat 4: Pon4uk.ua
Seat 1: nastja336 folded before Flop (didn't bet)
Seat 2: MakoEv folded before Flop (didn't bet)
Seat 3: Burlica2013 (button) folded before Flop (didn't bet)
Seat 5: jeffy27dt1 (small blind) folded before Flop
Seat 6: franbasualdo10 (big blind) collected ($1)



PokerStars Hand #254483926404:  Hold'em No Limit ($0.50/$1.00 USD) - 2025/01/21 14:30:54 WET [2025/01/21 9:30:54 ET]
Table 'Otero III' 6-max Seat #5 is the button
Seat 1: nastja336 ($104.91 in chips) is sitting out
Seat 4: Pon4uk.ua ($100 in chips) is sitting out
Seat 2: MakoEv ($100 in chips) 
Seat 3: Burlica2013 ($100 in chips) 
Seat 5: jeffy27dt1 ($114.25 in chips) 
Seat 6: franbasualdo10 ($24.79 in chips) 
franbasualdo10: posts small blind $0.50
nastja336: is sitting out 
MakoEv: posts big blind $1
Pon4uk.ua: sits out 
*** HOLE CARDS ***
nastja336 leaves the table
Burlica2013: folds 
TheBluffPL joins the table at seat #1 
jeffy27dt1: folds 
franbasualdo10: calls $0.50
MakoEv: checks 
*** FLOP *** [3c Jd Js]
franbasualdo10: bets $1
MakoEv: folds 
Uncalled bet ($1) returned to franbasualdo10
franbasualdo10 collected $1.90 from pot
*** SUMMARY ***
Total pot $2 | Rake $0.10 
Board [3c Jd Js]
Seat 1: nastja336
Seat 4: Pon4uk.ua
Seat 2: MakoEv (big blind) folded on the Flop
Seat 3: Burlica2013 folded before Flop (didn't bet)
Seat 5: jeffy27dt1 (button) folded before Flop (didn't bet)
Seat 6: franbasualdo10 (small blind) collected ($1.90)



PokerStars Hand #254483931495:  Hold'em No Limit ($0.50/$1.00 USD) - 2025/01/21 14:31:22 WET [2025/01/21 9:31:22 ET]
Table 'Otero III' 6-max Seat #6 is the button
Seat 1: TheBluffPL ($20 in chips) is sitting out
Seat 3: Burlica2013 ($100 in chips) is sitting out
Seat 2: MakoEv ($100 in chips) 
Seat 4: Pon4uk.ua ($100 in chips) 
Seat 5: jeffy27dt1 ($114.25 in chips) 
Seat 6: franbasualdo10 ($25.69 in chips) 
MakoEv: posts small blind $0.50
Burlica2013: is sitting out 
Pon4uk.ua: posts big blind $1
*** HOLE CARDS ***
jeffy27dt1: folds 
franbasualdo10: folds 
MakoEv: folds 
Uncalled bet ($0.50) returned to Pon4uk.ua
Pon4uk.ua collected $1 from pot
Pon4uk.ua: doesn't show hand 
*** SUMMARY ***
Total pot $1 | Rake $0 
Seat 1: TheBluffPL
Seat 3: Burlica2013
Seat 2: MakoEv (small blind) folded before Flop
Seat 4: Pon4uk.ua (big blind) collected ($1)
Seat 5: jeffy27dt1 folded before Flop (didn't bet)
Seat 6: franbasualdo10 (button) folded before Flop (didn't bet)



PokerStars Hand #254483936642:  Hold'em No Limit ($0.50/$1.00 USD) - 2025/01/21 14:31:50 WET [2025/01/21 9:31:50 ET]
Table 'Otero III' 6-max Seat #2 is the button
Seat 1: TheBluffPL ($20 in chips) is sitting out
Seat 3: Burlica2013 ($100 in chips) is sitting out
Seat 2: MakoEv ($100 in chips) 
Seat 4: Pon4uk.ua ($100.50 in chips) 
Seat 5: jeffy27dt1 ($114.25 in chips) 
Seat 6: franbasualdo10 ($25.69 in chips) 
Pon4uk.ua: posts small blind $0.50
jeffy27dt1: posts big blind $1
TheBluffPL: sits out 
*** HOLE CARDS ***
Burlica2013 leaves the table
franbasualdo10: raises $2 to $3
MakoEv: folds 
Pon4uk.ua: folds 
jeffy27dt1: folds 
Uncalled bet ($2) returned to franbasualdo10
franbasualdo10 collected $2.50 from pot
*** SUMMARY ***
Total pot $2.50 | Rake $0 
Seat 1: TheBluffPL
Seat 3: Burlica2013
Seat 2: MakoEv (button) folded before Flop (didn't bet)
Seat 4: Pon4uk.ua (small blind) folded before Flop
Seat 5: jeffy27dt1 (big blind) folded before Flop
Seat 6: franbasualdo10 collected ($2.50)



PokerStars Hand #254483941353:  Hold'em No Limit ($0.50/$1.00 USD) - 2025/01/21 14:32:16 WET [2025/01/21 9:32:16 ET]
Table 'Otero III' 6-max Seat #4 is the button
Seat 1: TheBluffPL ($20 in chips) is sitting out
Seat 2: MakoEv ($100 in chips) 
Seat 4: Pon4uk.ua ($100 in chips) 
Seat 5: jeffy27dt1 ($113.25 in chips) 
Seat 6: franbasualdo10 ($27.19 in chips) 
jeffy27dt1: posts small blind $0.50
franbasualdo10: posts big blind $1
TheBluffPL: sits out 
*** HOLE CARDS ***
MakoEv: raises $1.50 to $2.50
Pon4uk.ua: folds 
jeffy27dt1: folds 
franbasualdo10: calls $1.50
*** FLOP *** [3d 8h 8c]
franbasualdo10: checks 
MakoEv: bets $1.12
franbasualdo10: calls $1.12
*** TURN *** [3d 8h 8c] [Js]
franbasualdo10: checks 
MakoEv: checks 
*** RIVER *** [3d 8h 8c Js] [4c]
franbasualdo10: checks 
MakoEv: checks 
*** SHOW DOWN ***
franbasualdo10: shows [Th Kd] (a pair of Eights)
MakoEv: shows [Ad Kc] (a pair of Eights - Ace kicker)
MakoEv collected $7.35 from pot
*** SUMMARY ***
Total pot $7.74 | Rake $0.39 
Board [3d 8h 8c Js 4c]
Seat 1: TheBluffPL
Seat 2: MakoEv showed [Ad Kc] and won ($7.35) with a pair of Eights
Seat 4: Pon4uk.ua (button) folded before Flop (didn't bet)
Seat 5: jeffy27dt1 (small blind) folded before Flop
Seat 6: franbasualdo10 (big blind) showed [Th Kd] and lost with a pair of Eights



PokerStars Hand #254483949288:  Hold'em No Limit ($0.50/$1.00 USD) - 2025/01/21 14:33:00 WET [2025/01/21 9:33:00 ET]
Table 'Otero III' 6-max Seat #5 is the button
Seat 1: TheBluffPL ($20 in chips) 
Seat 2: MakoEv ($103.73 in chips) 
Seat 4: Pon4uk.ua ($100 in chips) 
Seat 5: jeffy27dt1 ($112.75 in chips) 
Seat 6: franbasualdo10 ($23.57 in chips) 
franbasualdo10: posts small blind $0.50
TheBluffPL: posts big blind $1
*** HOLE CARDS ***
MakoEv: folds 
MakoEv leaves the table
Pon4uk.ua: folds 
jeffy27dt1: raises $1.50 to $2.50
franbasualdo10: folds 
TheBluffPL: raises $17.50 to $20 and is all-in
jeffy27dt1: folds 
Uncalled bet ($17.50) returned to TheBluffPL
TheBluffPL collected $5.50 from pot
*** SUMMARY ***
Total pot $5.50 | Rake $0 
Seat 1: TheBluffPL (big blind) collected ($5.50)
Seat 2: MakoEv folded before Flop (didn't bet)
Seat 4: Pon4uk.ua folded before Flop (didn't bet)
Seat 5: jeffy27dt1 (button) folded before Flop
Seat 6: franbasualdo10 (small blind) folded before Flop



PokerStars Hand #254483954054:  Hold'em No Limit ($0.50/$1.00 USD) - 2025/01/21 14:33:27 WET [2025/01/21 9:33:27 ET]
Table 'Otero III' 6-max Seat #6 is the button
Seat 1: TheBluffPL ($23 in chips) 
Seat 4: Pon4uk.ua ($100 in chips) 
Seat 5: jeffy27dt1 ($110.25 in chips) 
Seat 6: franbasualdo10 ($23.07 in chips) 
TheBluffPL: posts small blind $0.50
Pon4uk.ua: posts big blind $1
*** HOLE CARDS ***
jeffy27dt1: folds 
franbasualdo10: calls $1
TheBluffPL: folds 
Pon4uk.ua: checks 
*** FLOP *** [4h 2s 8h]
Pon4uk.ua: checks 
franbasualdo10: checks 
*** TURN *** [4h 2s 8h] [Jd]
Pon4uk.ua: bets $1.19
Joe_Li7 joins the table at seat #2 
nastja336 joins the table at seat #3 
franbasualdo10: calls $1.19
*** RIVER *** [4h 2s 8h Jd] [6h]
Pon4uk.ua: bets $3.48
franbasualdo10: folds 
Uncalled bet ($3.48) returned to Pon4uk.ua
Pon4uk.ua collected $4.64 from pot
Pon4uk.ua: doesn't show hand 
*** SUMMARY ***
Total pot $4.88 | Rake $0.24 
Board [4h 2s 8h Jd 6h]
Seat 1: TheBluffPL (small blind) folded before Flop
Seat 4: Pon4uk.ua (big blind) collected ($4.64)
Seat 5: jeffy27dt1 folded before Flop (didn't bet)
Seat 6: franbasualdo10 (button) folded on the River



PokerStars Hand #254483960213:  Hold'em No Limit ($0.50/$1.00 USD) - 2025/01/21 14:34:00 WET [2025/01/21 9:34:00 ET]
Table 'Otero III' 6-max Seat #1 is the button
Seat 2: Joe_Li7 ($100 in chips) is sitting out
Seat 3: nastja336 ($104.91 in chips) is sitting out
Seat 1: TheBluffPL ($22.50 in chips) 
Seat 4: Pon4uk.ua ($102.45 in chips) 
Seat 5: jeffy27dt1 ($110.25 in chips) 
Seat 6: franbasualdo10 ($20.88 in chips) 
Pon4uk.ua: posts small blind $0.50
jeffy27dt1: posts big blind $1
*** HOLE CARDS ***
franbasualdo10: calls $1
TheBluffPL: folds 
Pon4uk.ua: calls $0.50
jeffy27dt1: checks 
*** FLOP *** [3d Qd 5s]
Pon4uk.ua: checks 
jeffy27dt1: checks 
franbasualdo10: checks 
*** TURN *** [3d Qd 5s] [9c]
Pon4uk.ua: checks 
jeffy27dt1: checks 
franbasualdo10: checks 
*** RIVER *** [3d Qd 5s 9c] [Ad]
Pon4uk.ua: bets $1
jeffy27dt1: folds 
franbasualdo10: calls $1
*** SHOW DOWN ***
Pon4uk.ua: shows [As 2h] (a pair of Aces)
franbasualdo10: mucks hand 
Pon4uk.ua collected $4.75 from pot
*** SUMMARY ***
Total pot $5 | Rake $0.25 
Board [3d Qd 5s 9c Ad]
Seat 2: Joe_Li7
Seat 3: nastja336
Seat 1: TheBluffPL (button) folded before Flop (didn't bet)
Seat 4: Pon4uk.ua (small blind) showed [As 2h] and won ($4.75) with a pair of Aces
Seat 5: jeffy27dt1 (big blind) folded on the River
Seat 6: franbasualdo10 mucked



PokerStars Hand #254483975861:  Hold'em No Limit ($0.50/$1.00 USD) - 2025/01/21 14:35:24 WET [2025/01/21 9:35:24 ET]
Table 'Otero III' 6-max Seat #4 is the button
Seat 2: Joe_Li7 ($100 in chips) is sitting out
Seat 3: nastja336 ($104.91 in chips) is sitting out
Seat 1: TheBluffPL ($22.50 in chips) 
Seat 4: Pon4uk.ua ($105.20 in chips) 
Seat 5: jeffy27dt1 ($109.25 in chips) 
Seat 6: franbasualdo10 ($18.88 in chips) 
jeffy27dt1: posts small blind $0.50
franbasualdo10: posts big blind $1
Joe_Li7: sits out 
nastja336: sits out 
*** HOLE CARDS ***
TheBluffPL: folds 
Pon4uk.ua: folds 
jeffy27dt1: folds 
Uncalled bet ($0.50) returned to franbasualdo10
franbasualdo10 collected $1 from pot
*** SUMMARY ***
Total pot $1 | Rake $0 
Seat 2: Joe_Li7
Seat 3: nastja336
Seat 1: TheBluffPL folded before Flop (didn't bet)
Seat 4: Pon4uk.ua (button) folded before Flop (didn't bet)
Seat 5: jeffy27dt1 (small blind) folded before Flop
Seat 6: franbasualdo10 (big blind) collected ($1)



PokerStars Hand #254483978364:  Hold'em No Limit ($0.50/$1.00 USD) - 2025/01/21 14:35:37 WET [2025/01/21 9:35:37 ET]
Table 'Otero III' 6-max Seat #5 is the button
Seat 2: Joe_Li7 ($100 in chips) is sitting out
Seat 3: nastja336 ($104.91 in chips) is sitting out
Seat 1: TheBluffPL ($22.50 in chips) 
Seat 4: Pon4uk.ua ($105.20 in chips) 
Seat 5: jeffy27dt1 ($108.75 in chips) 
Seat 6: franbasualdo10 ($19.38 in chips) 
franbasualdo10: posts small blind $0.50
TheBluffPL: posts big blind $1
Joe_Li7: sits out 
nastja336: sits out 
*** HOLE CARDS ***
Pon4uk.ua: folds 
jeffy27dt1: folds 
franbasualdo10: raises $2 to $3
TheBluffPL: folds 
Uncalled bet ($2) returned to franbasualdo10
franbasualdo10 collected $2 from pot
*** SUMMARY ***
Total pot $2 | Rake $0 
Seat 2: Joe_Li7
Seat 3: nastja336
Seat 1: TheBluffPL (big blind) folded before Flop
Seat 4: Pon4uk.ua folded before Flop (didn't bet)
Seat 5: jeffy27dt1 (button) folded before Flop (didn't bet)
Seat 6: franbasualdo10 (small blind) collected ($2)



PokerStars Hand #254483980729:  Hold'em No Limit ($0.50/$1.00 USD) - 2025/01/21 14:35:49 WET [2025/01/21 9:35:49 ET]
Table 'Otero III' 6-max Seat #6 is the button
Seat 3: nastja336 ($104.91 in chips) is sitting out
Seat 1: TheBluffPL ($21.50 in chips) 
Seat 2: Joe_Li7 ($100 in chips) 
Seat 4: Pon4uk.ua ($105.20 in chips) 
Seat 5: jeffy27dt1 ($108.75 in chips) 
Seat 6: franbasualdo10 ($20.38 in chips) 
TheBluffPL: posts small blind $0.50
Joe_Li7: posts big blind $1
nastja336: sits out 
*** HOLE CARDS ***
Pon4uk.ua: folds 
jeffy27dt1: folds 
franbasualdo10: folds 
TheBluffPL: folds 
Uncalled bet ($0.50) returned to Joe_Li7
Joe_Li7 collected $1 from pot
*** SUMMARY ***
Total pot $1 | Rake $0 
Seat 3: nastja336
Seat 1: TheBluffPL (small blind) folded before Flop
Seat 2: Joe_Li7 (big blind) collected ($1)
Seat 4: Pon4uk.ua folded before Flop (didn't bet)
Seat 5: jeffy27dt1 folded before Flop (didn't bet)
Seat 6: franbasualdo10 (button) folded before Flop (didn't bet)



PokerStars Hand #254483982944:  Hold'em No Limit ($0.50/$1.00 USD) - 2025/01/21 14:36:01 WET [2025/01/21 9:36:01 ET]
Table 'Otero III' 6-max Seat #1 is the button
Seat 1: TheBluffPL ($21 in chips) 
Seat 2: Joe_Li7 ($100.50 in chips) 
Seat 3: nastja336 ($104.91 in chips) 
Seat 4: Pon4uk.ua ($105.20 in chips) 
Seat 5: jeffy27dt1 ($108.75 in chips) 
Seat 6: franbasualdo10 ($20.38 in chips) 
Joe_Li7: posts small blind $0.50
nastja336: posts big blind $1
*** HOLE CARDS ***
Pon4uk.ua: folds 
jeffy27dt1: folds 
franbasualdo10: calls $1
TheBluffPL: raises $2 to $3
Joe_Li7: folds 
nastja336: folds 
franbasualdo10: calls $2
*** FLOP *** [2s Js Jc]
franbasualdo10: checks 
TheBluffPL: bets $1.78
franbasualdo10: calls $1.78
*** TURN *** [2s Js Jc] [Ks]
franbasualdo10: checks 
TheBluffPL: bets $5.36
franbasualdo10: folds 
Uncalled bet ($5.36) returned to TheBluffPL
TheBluffPL collected $10.51 from pot
*** SUMMARY ***
Total pot $11.06 | Rake $0.55 
Board [2s Js Jc Ks]
Seat 1: TheBluffPL (button) collected ($10.51)
Seat 2: Joe_Li7 (small blind) folded before Flop
Seat 3: nastja336 (big blind) folded before Flop
Seat 4: Pon4uk.ua folded before Flop (didn't bet)
Seat 5: jeffy27dt1 folded before Flop (didn't bet)
Seat 6: franbasualdo10 folded on the Turn



PokerStars Hand #254483991176:  Hold'em No Limit ($0.50/$1.00 USD) - 2025/01/21 14:36:46 WET [2025/01/21 9:36:46 ET]
Table 'Otero III' 6-max Seat #2 is the button
Seat 1: TheBluffPL ($26.73 in chips) 
Seat 2: Joe_Li7 ($100 in chips) 
Seat 3: nastja336 ($103.91 in chips) 
Seat 4: Pon4uk.ua ($105.20 in chips) 
Seat 5: jeffy27dt1 ($108.75 in chips) 
Seat 6: franbasualdo10 ($15.60 in chips) 
nastja336: posts small blind $0.50
Pon4uk.ua: posts big blind $1
*** HOLE CARDS ***
jeffy27dt1: raises $1.50 to $2.50
franbasualdo10: calls $2.50
TheBluffPL: folds 
Joe_Li7: folds 
nastja336: folds 
Pon4uk.ua: folds 
*** FLOP *** [3d Ts 2s]
jeffy27dt1: checks 
franbasualdo10: bets $3
jeffy27dt1: raises $12 to $15
franbasualdo10: folds 
Uncalled bet ($12) returned to jeffy27dt1
jeffy27dt1 collected $11.88 from pot
jeffy27dt1: doesn't show hand 
*** SUMMARY ***
Total pot $12.50 | Rake $0.62 
Board [3d Ts 2s]
Seat 1: TheBluffPL folded before Flop (didn't bet)
Seat 2: Joe_Li7 (button) folded before Flop (didn't bet)
Seat 3: nastja336 (small blind) folded before Flop
Seat 4: Pon4uk.ua (big blind) folded before Flop
Seat 5: jeffy27dt1 collected ($11.88)
Seat 6: franbasualdo10 folded on the Flop



PokerStars Hand #254483999956:  Hold'em No Limit ($0.50/$1.00 USD) - 2025/01/21 14:37:33 WET [2025/01/21 9:37:33 ET]
Table 'Otero III' 6-max Seat #3 is the button
Seat 1: TheBluffPL ($26.73 in chips) 
Seat 2: Joe_Li7 ($100 in chips) 
Seat 3: nastja336 ($103.41 in chips) 
Seat 4: Pon4uk.ua ($104.20 in chips) 
Seat 5: jeffy27dt1 ($115.13 in chips) 
Seat 6: franbasualdo10 ($10.10 in chips) 
Pon4uk.ua: posts small blind $0.50
jeffy27dt1: posts big blind $1
*** HOLE CARDS ***
franbasualdo10: folds 
franbasualdo10 leaves the table
TheBluffPL: folds 
Joe_Li7: folds 
nastja336: folds 
TheBluffPL leaves the table
Pon4uk.ua: raises $1.75 to $2.75
jeffy27dt1: raises $7.25 to $10
Pon4uk.ua: folds 
Uncalled bet ($7.25) returned to jeffy27dt1
jeffy27dt1 collected $5.50 from pot
jeffy27dt1: doesn't show hand 
*** SUMMARY ***
Total pot $5.50 | Rake $0 
Seat 1: TheBluffPL folded before Flop (didn't bet)
Seat 2: Joe_Li7 folded before Flop (didn't bet)
Seat 3: nastja336 (button) folded before Flop (didn't bet)
Seat 4: Pon4uk.ua (small blind) folded before Flop
Seat 5: jeffy27dt1 (big blind) collected ($5.50)
Seat 6: franbasualdo10 folded before Flop (didn't bet)



PokerStars Hand #254484006752:  Hold'em No Limit ($0.50/$1.00 USD) - 2025/01/21 14:38:09 WET [2025/01/21 9:38:09 ET]
Table 'Otero III' 6-max Seat #4 is the button
Seat 2: Joe_Li7 ($100 in chips) 
Seat 3: nastja336 ($103.41 in chips) 
Seat 4: Pon4uk.ua ($101.45 in chips) 
Seat 5: jeffy27dt1 ($117.88 in chips) 
jeffy27dt1: posts small blind $0.50
Joe_Li7: posts big blind $1
*** HOLE CARDS ***
nastja336: folds 
nastja336 leaves the table
Pon4uk.ua: raises $1.50 to $2.50
jeffy27dt1: folds 
Joe_Li7: calls $1.50
*** FLOP *** [As 9c 6h]
Joe_Li7: checks 
Pon4uk.ua: bets $1.72
Joe_Li7: calls $1.72
*** TURN *** [As 9c 6h] [8h]
Joe_Li7: checks 
Pon4uk.ua: bets $6.37
Joe_Li7: folds 
Uncalled bet ($6.37) returned to Pon4uk.ua
Pon4uk.ua collected $8.49 from pot
Pon4uk.ua: doesn't show hand 
*** SUMMARY ***
Total pot $8.94 | Rake $0.45 
Board [As 9c 6h 8h]
Seat 2: Joe_Li7 (big blind) folded on the Turn
Seat 3: nastja336 folded before Flop (didn't bet)
Seat 4: Pon4uk.ua (button) collected ($8.49)
Seat 5: jeffy27dt1 (small blind) folded before Flop



PokerStars Hand #254484017212:  Hold'em No Limit ($0.50/$1.00 USD) - 2025/01/21 14:39:05 WET [2025/01/21 9:39:05 ET]
Table 'Otero III' 6-max Seat #2 is the button
Seat 4: Pon4uk.ua ($105.72 in chips) is sitting out
Seat 2: Joe_Li7 ($100 in chips) 
Seat 5: jeffy27dt1 ($117.38 in chips) 
Joe_Li7: posts small blind $0.50
Pon4uk.ua: is sitting out 
jeffy27dt1: posts big blind $1
*** HOLE CARDS ***
Joe_Li7: folds 
Uncalled bet ($0.50) returned to jeffy27dt1
jeffy27dt1 collected $1 from pot
jeffy27dt1: doesn't show hand 
Joe_Li7 leaves the table
*** SUMMARY ***
Total pot $1 | Rake $0 
Seat 4: Pon4uk.ua
Seat 2: Joe_Li7 (button) (small blind) folded before Flop
Seat 5: jeffy27dt1 (big blind) collected ($1)



PokerStars Hand #254484226915:  Hold'em No Limit ($0.50/$1.00 USD) - 2025/01/21 14:58:18 WET [2025/01/21 9:58:18 ET]
Table 'Otero III' 6-max Seat #3 is the button
Seat 1: ReVeu710 ($100 in chips) 
Seat 3: Unipoker11 ($100 in chips) 
Seat 4: Eredar5 ($100 in chips) 
Seat 5: nastja336 ($103.41 in chips) 
Seat 6: Burlica2013 ($100 in chips) 
Eredar5: posts small blind $0.50
nastja336: posts big blind $1
*** HOLE CARDS ***
Burlica2013: folds 
ReVeu710: folds 
Unipoker11: raises $1.50 to $2.50
Eredar5: raises $9.50 to $12
nastja336: folds 
Unipoker11: calls $9.50
*** FLOP *** [3d 6s 6d]
chelsea16730 joins the table at seat #2 
chelsea16730 is disconnected 
Eredar5: bets $4.75
Unipoker11: calls $4.75
*** TURN *** [3d 6s 6d] [7d]
Eredar5: bets $21.96
Unipoker11: calls $21.96
*** RIVER *** [3d 6s 6d 7d] [9d]
Eredar5: bets $61.29 and is all-in
Unipoker11 has timed out
Unipoker11: folds 
Uncalled bet ($61.29) returned to Eredar5
Eredar5 collected $75.92 from pot
Eredar5: doesn't show hand 
*** SUMMARY ***
Total pot $78.42 | Rake $2.50 
Board [3d 6s 6d 7d 9d]
Seat 1: ReVeu710 folded before Flop (didn't bet)
Seat 3: Unipoker11 (button) folded on the River
Seat 4: Eredar5 (small blind) collected ($75.92)
Seat 5: nastja336 (big blind) folded before Flop
Seat 6: Burlica2013 folded before Flop (didn't bet)



PokerStars Hand #254484252855:  Hold'em No Limit ($0.50/$1.00 USD) - 2025/01/21 15:01:04 WET [2025/01/21 10:01:04 ET]
Table 'Otero III' 6-max Seat #4 is the button
Seat 1: ReVeu710 ($100 in chips) 
Seat 2: chelsea16730 ($30.72 in chips) 
Seat 3: Unipoker11 ($100 in chips) 
Seat 4: Eredar5 ($137.21 in chips) 
Seat 5: nastja336 ($102.41 in chips) 
Seat 6: Burlica2013 ($100 in chips) 
nastja336: posts small blind $0.50
Burlica2013: posts big blind $1
chelsea16730: posts big blind $1
*** HOLE CARDS ***
ReVeu710: folds 
chelsea16730: checks 
Unipoker11: folds 
Eredar5: folds 
nastja336: raises $4 to $5
Burlica2013: folds 
chelsea16730: raises $25.72 to $30.72 and is all-in
nastja336: calls $25.72
*** FLOP *** [2d Ad 3s]
*** TURN *** [2d Ad 3s] [4h]
*** RIVER *** [2d Ad 3s 4h] [7d]
*** SHOW DOWN ***
nastja336: shows [Jc Js] (a pair of Jacks)
chelsea16730: shows [7h 7s] (three of a kind, Sevens)
chelsea16730 collected $59.94 from pot
*** SUMMARY ***
Total pot $62.44 | Rake $2.50 
Board [2d Ad 3s 4h 7d]
Seat 1: ReVeu710 folded before Flop (didn't bet)
Seat 2: chelsea16730 showed [7h 7s] and won ($59.94) with three of a kind, Sevens
Seat 3: Unipoker11 folded before Flop (didn't bet)
Seat 4: Eredar5 (button) folded before Flop (didn't bet)
Seat 5: nastja336 (small blind) showed [Jc Js] and lost with a pair of Jacks
Seat 6: Burlica2013 (big blind) folded before Flop



PokerStars Hand #254484257997:  Hold'em No Limit ($0.50/$1.00 USD) - 2025/01/21 15:01:32 WET [2025/01/21 10:01:32 ET]
Table 'Otero III' 6-max Seat #5 is the button
Seat 1: ReVeu710 ($100 in chips) 
Seat 2: chelsea16730 ($59.94 in chips) 
Seat 3: Unipoker11 ($100 in chips) 
Seat 4: Eredar5 ($137.21 in chips) 
Seat 5: nastja336 ($100 in chips) 
Seat 6: Burlica2013 ($100 in chips) 
Burlica2013: posts small blind $0.50
ReVeu710: posts big blind $1
*** HOLE CARDS ***
chelsea16730: calls $1
Unipoker11: folds 
Eredar5: folds 
nastja336: raises $3.50 to $4.50
Burlica2013: folds 
ReVeu710: folds 
chelsea16730: calls $3.50
*** FLOP *** [7s 4c 8d]
chelsea16730: checks 
nastja336: bets $3.29
chelsea16730: calls $3.29
*** TURN *** [7s 4c 8d] [Jc]
chelsea16730: checks 
nastja336: bets $14.50
chelsea16730: calls $14.50
*** RIVER *** [7s 4c 8d Jc] [5c]
chelsea16730: checks 
nastja336: bets $38
chelsea16730: folds 
Uncalled bet ($38) returned to nastja336
nastja336 collected $43.78 from pot
nastja336: doesn't show hand 
*** SUMMARY ***
Total pot $46.08 | Rake $2.30 
Board [7s 4c 8d Jc 5c]
Seat 1: ReVeu710 (big blind) folded before Flop
Seat 2: chelsea16730 folded on the River
Seat 3: Unipoker11 folded before Flop (didn't bet)
Seat 4: Eredar5 folded before Flop (didn't bet)
Seat 5: nastja336 (button) collected ($43.78)
Seat 6: Burlica2013 (small blind) folded before Flop



PokerStars Hand #254484266113:  Hold'em No Limit ($0.50/$1.00 USD) - 2025/01/21 15:02:15 WET [2025/01/21 10:02:15 ET]
Table 'Otero III' 6-max Seat #6 is the button
Seat 1: ReVeu710 ($100 in chips) 
Seat 2: chelsea16730 ($37.65 in chips) 
Seat 3: Unipoker11 ($100 in chips) 
Seat 4: Eredar5 ($137.21 in chips) 
Seat 5: nastja336 ($121.49 in chips) 
Seat 6: Burlica2013 ($100 in chips) 
ReVeu710: posts small blind $0.50
chelsea16730: posts big blind $1
*** HOLE CARDS ***
Unipoker11: folds 
Eredar5: folds 
nastja336: folds 
Burlica2013: folds 
ReVeu710: folds 
Uncalled bet ($0.50) returned to chelsea16730
chelsea16730 collected $1 from pot
*** SUMMARY ***
Total pot $1 | Rake $0 
Seat 1: ReVeu710 (small blind) folded before Flop
Seat 2: chelsea16730 (big blind) collected ($1)
Seat 3: Unipoker11 folded before Flop (didn't bet)
Seat 4: Eredar5 folded before Flop (didn't bet)
Seat 5: nastja336 folded before Flop (didn't bet)
Seat 6: Burlica2013 (button) folded before Flop (didn't bet)



PokerStars Hand #254484268986:  Hold'em No Limit ($0.50/$1.00 USD) - 2025/01/21 15:02:31 WET [2025/01/21 10:02:31 ET]
Table 'Otero III' 6-max Seat #1 is the button
Seat 1: ReVeu710 ($100 in chips) 
Seat 2: chelsea16730 ($38.15 in chips) 
Seat 3: Unipoker11 ($100 in chips) 
Seat 4: Eredar5 ($137.21 in chips) 
Seat 5: nastja336 ($121.49 in chips) 
Seat 6: Burlica2013 ($100 in chips) 
chelsea16730: posts small blind $0.50
Unipoker11: posts big blind $1
*** HOLE CARDS ***
Eredar5: folds 
nastja336: folds 
Burlica2013: folds 
ReVeu710: folds 
chelsea16730: folds 
Uncalled bet ($0.50) returned to Unipoker11
Unipoker11 collected $1 from pot
Unipoker11: doesn't show hand 
*** SUMMARY ***
Total pot $1 | Rake $0 
Seat 1: ReVeu710 (button) folded before Flop (didn't bet)
Seat 2: chelsea16730 (small blind) folded before Flop
Seat 3: Unipoker11 (big blind) collected ($1)
Seat 4: Eredar5 folded before Flop (didn't bet)
Seat 5: nastja336 folded before Flop (didn't bet)
Seat 6: Burlica2013 folded before Flop (didn't bet)



PokerStars Hand #254484270850:  Hold'em No Limit ($0.50/$1.00 USD) - 2025/01/21 15:02:40 WET [2025/01/21 10:02:40 ET]
Table 'Otero III' 6-max Seat #3 is the button
Seat 1: ReVeu710 ($100 in chips) is sitting out
Seat 4: Eredar5 ($137.21 in chips) is sitting out
Seat 5: nastja336 ($121.49 in chips) is sitting out
Seat 6: Burlica2013 ($100 in chips) is sitting out
Seat 2: chelsea16730 ($37.65 in chips) 
Seat 3: Unipoker11 ($100.50 in chips) 
Unipoker11: posts small blind $0.50
Eredar5: is sitting out 
nastja336: is sitting out 
Burlica2013: is sitting out 
ReVeu710: is sitting out 
chelsea16730: posts big blind $1
*** HOLE CARDS ***
Burlica2013 leaves the table
nastja336 leaves the table
ReVeu710 leaves the table
Unipoker11: raises $1.50 to $2.50
chelsea16730: calls $1.50
*** FLOP *** [Ac 2s Kc]
Eredar5 leaves the table
chelsea16730: checks 
BGS013 joins the table at seat #6 
Unipoker11: checks 
*** TURN *** [Ac 2s Kc] [Qs]
chelsea16730: checks 
Joe_Li7 joins the table at seat #4 
Unipoker11: checks 
*** RIVER *** [Ac 2s Kc Qs] [7s]
chelsea16730: checks 
Unipoker11: bets $3.56
chelsea16730: calls $3.56
*** SHOW DOWN ***
Unipoker11: shows [Ks 7h] (two pair, Kings and Sevens)
chelsea16730: mucks hand 
Unipoker11 collected $11.51 from pot
*** SUMMARY ***
Total pot $12.12 | Rake $0.61 
Board [Ac 2s Kc Qs 7s]
Seat 1: ReVeu710
Seat 4: Eredar5
Seat 5: nastja336
Seat 6: Burlica2013
Seat 2: chelsea16730 (big blind) mucked
Seat 3: Unipoker11 (button) (small blind) showed [Ks 7h] and won ($11.51) with two pair, Kings and Sevens



PokerStars Hand #254484277049:  Hold'em No Limit ($0.50/$1.00 USD) - 2025/01/21 15:03:13 WET [2025/01/21 10:03:13 ET]
Table 'Otero III' 6-max Seat #2 is the button
Seat 6: BGS013 ($100 in chips) is sitting out
Seat 2: chelsea16730 ($31.59 in chips) 
Seat 3: Unipoker11 ($105.95 in chips) 
Seat 4: Joe_Li7 ($100 in chips) 
Unipoker11: posts small blind $0.50
Joe_Li7: posts big blind $1
BGS013: sits out 
*** HOLE CARDS ***
RAidakCo joins the table at seat #5 
chelsea16730: raises $3 to $4
antgouna joins the table at seat #1 
Unipoker11: folds 
Joe_Li7: folds 
Uncalled bet ($3) returned to chelsea16730
chelsea16730 collected $2.50 from pot
*** SUMMARY ***
Total pot $2.50 | Rake $0 
Seat 6: BGS013
Seat 2: chelsea16730 (button) collected ($2.50)
Seat 3: Unipoker11 (small blind) folded before Flop
Seat 4: Joe_Li7 (big blind) folded before Flop



PokerStars Hand #254484279879:  Hold'em No Limit ($0.50/$1.00 USD) - 2025/01/21 15:03:28 WET [2025/01/21 10:03:28 ET]
Table 'Otero III' 6-max Seat #3 is the button
Seat 1: antgouna ($100 in chips) is sitting out
Seat 6: BGS013 ($100 in chips) is sitting out
Seat 2: chelsea16730 ($33.09 in chips) 
Seat 3: Unipoker11 ($105.45 in chips) 
Seat 4: Joe_Li7 ($100 in chips) 
Seat 5: RAidakCo ($100 in chips) 
Joe_Li7: posts small blind $0.50
RAidakCo: posts big blind $1
BGS013: sits out 
antgouna: sits out 
*** HOLE CARDS ***
chelsea16730: folds 
Unipoker11: folds 
Joe_Li7: folds 
Uncalled bet ($0.50) returned to RAidakCo
RAidakCo collected $1 from pot
RAidakCo: doesn't show hand 
*** SUMMARY ***
Total pot $1 | Rake $0 
Seat 1: antgouna
Seat 6: BGS013
Seat 2: chelsea16730 folded before Flop (didn't bet)
Seat 3: Unipoker11 (button) folded before Flop (didn't bet)
Seat 4: Joe_Li7 (small blind) folded before Flop
Seat 5: RAidakCo (big blind) collected ($1)



PokerStars Hand #254484281687:  Hold'em No Limit ($0.50/$1.00 USD) - 2025/01/21 15:03:38 WET [2025/01/21 10:03:38 ET]
Table 'Otero III' 6-max Seat #4 is the button
Seat 1: antgouna ($100 in chips) is sitting out
Seat 2: chelsea16730 ($33.09 in chips) 
Seat 3: Unipoker11 ($105.45 in chips) 
Seat 4: Joe_Li7 ($100 in chips) 
Seat 5: RAidakCo ($100.50 in chips) 
Seat 6: BGS013 ($100 in chips) 
RAidakCo: posts small blind $0.50
BGS013: posts big blind $1
antgouna: sits out 
*** HOLE CARDS ***
chelsea16730: calls $1
Unipoker11: folds 
Joe_Li7: folds 
RAidakCo: folds 
BGS013: checks 
*** FLOP *** [Ac 8c 8s]
BGS013: checks 
chelsea16730: bets $1
BGS013: calls $1
*** TURN *** [Ac 8c 8s] [Jd]
BGS013: checks 
chelsea16730: checks 
*** RIVER *** [Ac 8c 8s Jd] [Ad]
BGS013: bets $3.34
chelsea16730: folds 
Uncalled bet ($3.34) returned to BGS013
BGS013 collected $4.28 from pot
BGS013: doesn't show hand 
*** SUMMARY ***
Total pot $4.50 | Rake $0.22 
Board [Ac 8c 8s Jd Ad]
Seat 1: antgouna
Seat 2: chelsea16730 folded on the River
Seat 3: Unipoker11 folded before Flop (didn't bet)
Seat 4: Joe_Li7 (button) folded before Flop (didn't bet)
Seat 5: RAidakCo (small blind) folded before Flop
Seat 6: BGS013 (big blind) collected ($4.28)



PokerStars Hand #254484289790:  Hold'em No Limit ($0.50/$1.00 USD) - 2025/01/21 15:04:20 WET [2025/01/21 10:04:20 ET]
Table 'Otero III' 6-max Seat #5 is the button
Seat 1: antgouna ($100 in chips) 
Seat 2: chelsea16730 ($31.09 in chips) 
Seat 3: Unipoker11 ($105.45 in chips) 
Seat 4: Joe_Li7 ($100 in chips) 
Seat 5: RAidakCo ($100 in chips) 
Seat 6: BGS013 ($102.28 in chips) 
BGS013: posts small blind $0.50
antgouna: posts big blind $1
*** HOLE CARDS ***
chelsea16730: folds 
Unipoker11: raises $1 to $2
Joe_Li7: folds 
RAidakCo: folds 
BGS013: folds 
antgouna: folds 
Uncalled bet ($1) returned to Unipoker11
Unipoker11 collected $2.50 from pot
Unipoker11: doesn't show hand 
*** SUMMARY ***
Total pot $2.50 | Rake $0 
Seat 1: antgouna (big blind) folded before Flop
Seat 2: chelsea16730 folded before Flop (didn't bet)
Seat 3: Unipoker11 collected ($2.50)
Seat 4: Joe_Li7 folded before Flop (didn't bet)
Seat 5: RAidakCo (button) folded before Flop (didn't bet)
Seat 6: BGS013 (small blind) folded before Flop



PokerStars Hand #254484463796:  Hold'em No Limit ($0.50/$1.00 USD) - 2025/01/21 15:19:15 WET [2025/01/21 10:19:15 ET]
Table 'Otero III' 6-max Seat #5 is the button
Seat 1: antgouna ($102.50 in chips) 
Seat 2: chelsea16730 ($40.40 in chips) 
Seat 3: Unipoker11 ($112.91 in chips) 
Seat 4: Joe_Li7 ($109.74 in chips) 
Seat 5: RAidakCo ($109.54 in chips) 
Seat 6: BGS013 ($100 in chips) 
BGS013: posts small blind $0.50
antgouna: posts big blind $1
*** HOLE CARDS ***
chelsea16730: calls $1
Unipoker11: folds 
Joe_Li7: raises $3.50 to $4.50
RAidakCo: folds 
BGS013: raises $9.50 to $14
antgouna: folds 
chelsea16730: folds 
Joe_Li7: calls $9.50
*** FLOP *** [5c 2h Jd]
BGS013: bets $7.41
Joe_Li7: calls $7.41
*** TURN *** [5c 2h Jd] [3h]
BGS013: bets $22
Joe_Li7: folds 
Uncalled bet ($22) returned to BGS013
BGS013 collected $42.58 from pot
BGS013: doesn't show hand 
*** SUMMARY ***
Total pot $44.82 | Rake $2.24 
Board [5c 2h Jd 3h]
Seat 1: antgouna (big blind) folded before Flop
Seat 2: chelsea16730 folded before Flop
Seat 3: Unipoker11 folded before Flop (didn't bet)
Seat 4: Joe_Li7 folded on the Turn
Seat 5: RAidakCo (button) folded before Flop (didn't bet)
Seat 6: BGS013 (small blind) collected ($42.58)



PokerStars Hand #254484484888:  Hold'em No Limit ($0.50/$1.00 USD) - 2025/01/21 15:20:59 WET [2025/01/21 10:20:59 ET]
Table 'Otero III' 6-max Seat #6 is the button
Seat 1: antgouna ($101.50 in chips) 
Seat 2: chelsea16730 ($39.40 in chips) 
Seat 3: Unipoker11 ($112.91 in chips) 
Seat 4: Joe_Li7 ($100 in chips) 
Seat 5: RAidakCo ($109.54 in chips) 
Seat 6: BGS013 ($121.17 in chips) 
antgouna: posts small blind $0.50
chelsea16730: posts big blind $1
*** HOLE CARDS ***
Unipoker11: folds 
Joe_Li7: folds 
RAidakCo: folds 
BGS013: folds 
antgouna: folds 
Uncalled bet ($0.50) returned to chelsea16730
chelsea16730 collected $1 from pot
*** SUMMARY ***
Total pot $1 | Rake $0 
Seat 1: antgouna (small blind) folded before Flop
Seat 2: chelsea16730 (big blind) collected ($1)
Seat 3: Unipoker11 folded before Flop (didn't bet)
Seat 4: Joe_Li7 folded before Flop (didn't bet)
Seat 5: RAidakCo folded before Flop (didn't bet)
Seat 6: BGS013 (button) folded before Flop (didn't bet)



PokerStars Hand #254484487006:  Hold'em No Limit ($0.50/$1.00 USD) - 2025/01/21 15:21:09 WET [2025/01/21 10:21:09 ET]
Table 'Otero III' 6-max Seat #1 is the button
Seat 1: antgouna ($101 in chips) 
Seat 2: chelsea16730 ($39.90 in chips) 
Seat 3: Unipoker11 ($112.91 in chips) 
Seat 4: Joe_Li7 ($100 in chips) 
Seat 5: RAidakCo ($109.54 in chips) 
Seat 6: BGS013 ($121.17 in chips) 
chelsea16730: posts small blind $0.50
Unipoker11: posts big blind $1
*** HOLE CARDS ***
Joe_Li7: folds 
RAidakCo: folds 
BGS013: raises $1.50 to $2.50
antgouna: folds 
chelsea16730: folds 
Unipoker11: folds 
Uncalled bet ($1.50) returned to BGS013
BGS013 collected $2.50 from pot
BGS013: doesn't show hand 
*** SUMMARY ***
Total pot $2.50 | Rake $0 
Seat 1: antgouna (button) folded before Flop (didn't bet)
Seat 2: chelsea16730 (small blind) folded before Flop
Seat 3: Unipoker11 (big blind) folded before Flop
Seat 4: Joe_Li7 folded before Flop (didn't bet)
Seat 5: RAidakCo folded before Flop (didn't bet)
Seat 6: BGS013 collected ($2.50)



PokerStars Hand #254484491297:  Hold'em No Limit ($0.50/$1.00 USD) - 2025/01/21 15:21:30 WET [2025/01/21 10:21:30 ET]
Table 'Otero III' 6-max Seat #2 is the button
Seat 1: antgouna ($101 in chips) 
Seat 2: chelsea16730 ($39.40 in chips) 
Seat 3: Unipoker11 ($111.91 in chips) 
Seat 4: Joe_Li7 ($100 in chips) 
Seat 5: RAidakCo ($109.54 in chips) 
Seat 6: BGS013 ($122.67 in chips) 
Unipoker11: posts small blind $0.50
Joe_Li7: posts big blind $1
*** HOLE CARDS ***
RAidakCo: raises $1 to $2
BGS013: folds 
antgouna: folds 
chelsea16730: folds 
Unipoker11: folds 
Joe_Li7: folds 
Uncalled bet ($1) returned to RAidakCo
RAidakCo collected $2.50 from pot
RAidakCo: doesn't show hand 
*** SUMMARY ***
Total pot $2.50 | Rake $0 
Seat 1: antgouna folded before Flop (didn't bet)
Seat 2: chelsea16730 (button) folded before Flop (didn't bet)
Seat 3: Unipoker11 (small blind) folded before Flop
Seat 4: Joe_Li7 (big blind) folded before Flop
Seat 5: RAidakCo collected ($2.50)
Seat 6: BGS013 folded before Flop (didn't bet)



PokerStars Hand #254484493637:  Hold'em No Limit ($0.50/$1.00 USD) - 2025/01/21 15:21:41 WET [2025/01/21 10:21:41 ET]
Table 'Otero III' 6-max Seat #3 is the button
Seat 1: antgouna ($101 in chips) 
Seat 2: chelsea16730 ($39.40 in chips) 
Seat 3: Unipoker11 ($111.41 in chips) 
Seat 4: Joe_Li7 ($100 in chips) 
Seat 5: RAidakCo ($111.04 in chips) 
Seat 6: BGS013 ($122.67 in chips) 
Joe_Li7: posts small blind $0.50
RAidakCo: posts big blind $1
*** HOLE CARDS ***
BGS013: folds 
antgouna: folds 
chelsea16730: folds 
Unipoker11: raises $1.50 to $2.50
Joe_Li7: raises $8 to $10.50
RAidakCo: folds 
Unipoker11: folds 
Uncalled bet ($8) returned to Joe_Li7
Joe_Li7 collected $6 from pot
*** SUMMARY ***
Total pot $6 | Rake $0 
Seat 1: antgouna folded before Flop (didn't bet)
Seat 2: chelsea16730 folded before Flop (didn't bet)
Seat 3: Unipoker11 (button) folded before Flop
Seat 4: Joe_Li7 (small blind) collected ($6)
Seat 5: RAidakCo (big blind) folded before Flop
Seat 6: BGS013 folded before Flop (didn't bet)



PokerStars Hand #254484500409:  Hold'em No Limit ($0.50/$1.00 USD) - 2025/01/21 15:22:15 WET [2025/01/21 10:22:15 ET]
Table 'Otero III' 6-max Seat #4 is the button
Seat 1: antgouna ($101 in chips) 
Seat 2: chelsea16730 ($39.40 in chips) 
Seat 3: Unipoker11 ($108.91 in chips) 
Seat 4: Joe_Li7 ($103.50 in chips) 
Seat 5: RAidakCo ($110.04 in chips) 
Seat 6: BGS013 ($122.67 in chips) 
RAidakCo: posts small blind $0.50
BGS013: posts big blind $1
*** HOLE CARDS ***
antgouna: folds 
chelsea16730: calls $1
Unipoker11: folds 
Joe_Li7: raises $2.50 to $3.50
RAidakCo: folds 
BGS013: raises $10.50 to $14
chelsea16730: folds 
Joe_Li7: folds 
Uncalled bet ($10.50) returned to BGS013
BGS013 collected $8.50 from pot
BGS013: doesn't show hand 
*** SUMMARY ***
Total pot $8.50 | Rake $0 
Seat 1: antgouna folded before Flop (didn't bet)
Seat 2: chelsea16730 folded before Flop
Seat 3: Unipoker11 folded before Flop (didn't bet)
Seat 4: Joe_Li7 (button) folded before Flop
Seat 5: RAidakCo (small blind) folded before Flop
Seat 6: BGS013 (big blind) collected ($8.50)



PokerStars Hand #254484510312:  Hold'em No Limit ($0.50/$1.00 USD) - 2025/01/21 15:23:04 WET [2025/01/21 10:23:04 ET]
Table 'Otero III' 6-max Seat #5 is the button
Seat 1: antgouna ($101 in chips) 
Seat 2: chelsea16730 ($38.40 in chips) 
Seat 3: Unipoker11 ($108.91 in chips) 
Seat 4: Joe_Li7 ($100 in chips) 
Seat 5: RAidakCo ($109.54 in chips) 
Seat 6: BGS013 ($127.67 in chips) 
BGS013: posts small blind $0.50
antgouna: posts big blind $1
*** HOLE CARDS ***
chelsea16730: folds 
Unipoker11: folds 
Joe_Li7: folds 
RAidakCo: raises $1.50 to $2.50
BGS013: folds 
antgouna: calls $1.50
*** FLOP *** [Jd 6d 4s]
antgouna: checks 
RAidakCo: bets $1.72
antgouna: calls $1.72
*** TURN *** [Jd 6d 4s] [2d]
antgouna: checks 
RAidakCo: bets $6.37
antgouna: calls $6.37
*** RIVER *** [Jd 6d 4s 2d] [Qd]
antgouna: checks 
RAidakCo: bets $15.45
antgouna: calls $15.45
*** SHOW DOWN ***
RAidakCo: shows [Ah 3h] (high card Ace)
antgouna: shows [8c 8d] (a flush, Queen high)
antgouna collected $50.08 from pot
*** SUMMARY ***
Total pot $52.58 | Rake $2.50 
Board [Jd 6d 4s 2d Qd]
Seat 1: antgouna (big blind) showed [8c 8d] and won ($50.08) with a flush, Queen high
Seat 2: chelsea16730 folded before Flop (didn't bet)
Seat 3: Unipoker11 folded before Flop (didn't bet)
Seat 4: Joe_Li7 folded before Flop (didn't bet)
Seat 5: RAidakCo (button) showed [Ah 3h] and lost with high card Ace
Seat 6: BGS013 (small blind) folded before Flop



PokerStars Hand #254484525196:  Hold'em No Limit ($0.50/$1.00 USD) - 2025/01/21 15:24:18 WET [2025/01/21 10:24:18 ET]
Table 'Otero III' 6-max Seat #6 is the button
Seat 1: antgouna ($125.04 in chips) 
Seat 2: chelsea16730 ($38.40 in chips) 
Seat 3: Unipoker11 ($108.91 in chips) 
Seat 4: Joe_Li7 ($100 in chips) 
Seat 5: RAidakCo ($100 in chips) 
Seat 6: BGS013 ($127.17 in chips) 
antgouna: posts small blind $0.50
chelsea16730: posts big blind $1
*** HOLE CARDS ***
Unipoker11: folds 
Joe_Li7: folds 
RAidakCo: folds 
BGS013: folds 
antgouna: raises $1.30 to $2.30
chelsea16730: folds 
Uncalled bet ($1.30) returned to antgouna
antgouna collected $2 from pot
antgouna: doesn't show hand 
*** SUMMARY ***
Total pot $2 | Rake $0 
Seat 1: antgouna (small blind) collected ($2)
Seat 2: chelsea16730 (big blind) folded before Flop
Seat 3: Unipoker11 folded before Flop (didn't bet)
Seat 4: Joe_Li7 folded before Flop (didn't bet)
Seat 5: RAidakCo folded before Flop (didn't bet)
Seat 6: BGS013 (button) folded before Flop (didn't bet)



PokerStars Hand #254484530212:  Hold'em No Limit ($0.50/$1.00 USD) - 2025/01/21 15:24:42 WET [2025/01/21 10:24:42 ET]
Table 'Otero III' 6-max Seat #1 is the button
Seat 1: antgouna ($126.04 in chips) 
Seat 2: chelsea16730 ($37.40 in chips) 
Seat 3: Unipoker11 ($108.91 in chips) 
Seat 4: Joe_Li7 ($100 in chips) 
Seat 5: RAidakCo ($100 in chips) 
Seat 6: BGS013 ($127.17 in chips) 
chelsea16730: posts small blind $0.50
Unipoker11: posts big blind $1
*** HOLE CARDS ***
Joe_Li7: folds 
RAidakCo: folds 
BGS013: raises $1.50 to $2.50
antgouna: calls $2.50
chelsea16730: folds 
Unipoker11: folds 
*** FLOP *** [8h 2d Ad]
BGS013: bets $1.61
antgouna: calls $1.61
*** TURN *** [8h 2d Ad] [Ks]
BGS013: bets $7.50
antgouna: folds 
Uncalled bet ($7.50) returned to BGS013
BGS013 collected $9.23 from pot
BGS013: doesn't show hand 
*** SUMMARY ***
Total pot $9.72 | Rake $0.49 
Board [8h 2d Ad Ks]
Seat 1: antgouna (button) folded on the Turn
Seat 2: chelsea16730 (small blind) folded before Flop
Seat 3: Unipoker11 (big blind) folded before Flop
Seat 4: Joe_Li7 folded before Flop (didn't bet)
Seat 5: RAidakCo folded before Flop (didn't bet)
Seat 6: BGS013 collected ($9.23)



PokerStars Hand #254484540202:  Hold'em No Limit ($0.50/$1.00 USD) - 2025/01/21 15:25:31 WET [2025/01/21 10:25:31 ET]
Table 'Otero III' 6-max Seat #2 is the button
Seat 1: antgouna ($121.93 in chips) 
Seat 2: chelsea16730 ($36.90 in chips) 
Seat 3: Unipoker11 ($107.91 in chips) 
Seat 4: Joe_Li7 ($100 in chips) 
Seat 5: RAidakCo ($100 in chips) 
Seat 6: BGS013 ($132.29 in chips) 
Unipoker11: posts small blind $0.50
Joe_Li7: posts big blind $1
*** HOLE CARDS ***
RAidakCo: folds 
BGS013: raises $1 to $2
antgouna: folds 
chelsea16730: raises $6 to $8
Unipoker11: folds 
Joe_Li7: folds 
BGS013: raises $124.29 to $132.29 and is all-in
chelsea16730: calls $28.90 and is all-in
Uncalled bet ($95.39) returned to BGS013
*** FLOP *** [5s 2s Jc]
*** TURN *** [5s 2s Jc] [Th]
*** RIVER *** [5s 2s Jc Th] [As]
*** SHOW DOWN ***
BGS013: shows [Qs Qc] (a pair of Queens)
chelsea16730: shows [Qd Kd] (a straight, Ten to Ace)
chelsea16730 collected $72.80 from pot
*** SUMMARY ***
Total pot $75.30 | Rake $2.50 
Board [5s 2s Jc Th As]
Seat 1: antgouna folded before Flop (didn't bet)
Seat 2: chelsea16730 (button) showed [Qd Kd] and won ($72.80) with a straight, Ten to Ace
Seat 3: Unipoker11 (small blind) folded before Flop
Seat 4: Joe_Li7 (big blind) folded before Flop
Seat 5: RAidakCo folded before Flop (didn't bet)
Seat 6: BGS013 showed [Qs Qc] and lost with a pair of Queens



PokerStars Hand #254484293596:  Hold'em No Limit ($0.50/$1.00 USD) - 2025/01/21 15:04:40 WET [2025/01/21 10:04:40 ET]
Table 'Otero III' 6-max Seat #6 is the button
Seat 1: antgouna ($99 in chips) 
Seat 2: chelsea16730 ($31.09 in chips) 
Seat 3: Unipoker11 ($106.95 in chips) 
Seat 4: Joe_Li7 ($100 in chips) 
Seat 5: RAidakCo ($100 in chips) 
Seat 6: BGS013 ($101.78 in chips) 
antgouna: posts small blind $0.50
chelsea16730: posts big blind $1
*** HOLE CARDS ***
Unipoker11: folds 
Joe_Li7: folds 
RAidakCo: folds 
BGS013: raises $1.50 to $2.50
antgouna: calls $2
chelsea16730: raises $4.50 to $7
BGS013: folds 
antgouna: calls $4.50
*** FLOP *** [4c 7h 8d]
antgouna: checks 
chelsea16730: bets $24.09 and is all-in
antgouna: folds 
Uncalled bet ($24.09) returned to chelsea16730
chelsea16730 collected $15.68 from pot
*** SUMMARY ***
Total pot $16.50 | Rake $0.82 
Board [4c 7h 8d]
Seat 1: antgouna (small blind) folded on the Flop
Seat 2: chelsea16730 (big blind) collected ($15.68)
Seat 3: Unipoker11 folded before Flop (didn't bet)
Seat 4: Joe_Li7 folded before Flop (didn't bet)
Seat 5: RAidakCo folded before Flop (didn't bet)
Seat 6: BGS013 (button) folded before Flop



PokerStars Hand #254484302366:  Hold'em No Limit ($0.50/$1.00 USD) - 2025/01/21 15:05:25 WET [2025/01/21 10:05:25 ET]
Table 'Otero III' 6-max Seat #1 is the button
Seat 1: antgouna ($92 in chips) 
Seat 2: chelsea16730 ($39.77 in chips) 
Seat 3: Unipoker11 ($106.95 in chips) 
Seat 4: Joe_Li7 ($100 in chips) 
Seat 5: RAidakCo ($100 in chips) 
Seat 6: BGS013 ($100 in chips) 
chelsea16730: posts small blind $0.50
Unipoker11: posts big blind $1
*** HOLE CARDS ***
Joe_Li7: folds 
RAidakCo: folds 
BGS013: raises $1.50 to $2.50
antgouna: folds 
chelsea16730: folds 
Unipoker11: calls $1.50
*** FLOP *** [8c Qc 9h]
Unipoker11: checks 
BGS013: bets $1.36
Unipoker11: folds 
Uncalled bet ($1.36) returned to BGS013
BGS013 collected $5.22 from pot
BGS013: doesn't show hand 
*** SUMMARY ***
Total pot $5.50 | Rake $0.28 
Board [8c Qc 9h]
Seat 1: antgouna (button) folded before Flop (didn't bet)
Seat 2: chelsea16730 (small blind) folded before Flop
Seat 3: Unipoker11 (big blind) folded on the Flop
Seat 4: Joe_Li7 folded before Flop (didn't bet)
Seat 5: RAidakCo folded before Flop (didn't bet)
Seat 6: BGS013 collected ($5.22)



PokerStars Hand #254484315224:  Hold'em No Limit ($0.50/$1.00 USD) - 2025/01/21 15:06:33 WET [2025/01/21 10:06:33 ET]
Table 'Otero III' 6-max Seat #2 is the button
Seat 1: antgouna ($92 in chips) 
Seat 2: chelsea16730 ($39.27 in chips) 
Seat 3: Unipoker11 ($104.45 in chips) 
Seat 4: Joe_Li7 ($100 in chips) 
Seat 5: RAidakCo ($100 in chips) 
Seat 6: BGS013 ($102.72 in chips) 
Unipoker11: posts small blind $0.50
Joe_Li7: posts big blind $1
*** HOLE CARDS ***
RAidakCo: folds 
BGS013: folds 
antgouna: folds 
chelsea16730: calls $1
Unipoker11: folds 
Joe_Li7: checks 
*** FLOP *** [As Jc 9h]
Joe_Li7: checks 
chelsea16730: checks 
*** TURN *** [As Jc 9h] [5c]
Joe_Li7: bets $2.10
chelsea16730: calls $2.10
*** RIVER *** [As Jc 9h 5c] [6c]
Joe_Li7: bets $5.72
chelsea16730: folds 
Uncalled bet ($5.72) returned to Joe_Li7
Joe_Li7 collected $6.36 from pot
*** SUMMARY ***
Total pot $6.70 | Rake $0.34 
Board [As Jc 9h 5c 6c]
Seat 1: antgouna folded before Flop (didn't bet)
Seat 2: chelsea16730 (button) folded on the River
Seat 3: Unipoker11 (small blind) folded before Flop
Seat 4: Joe_Li7 (big blind) collected ($6.36)
Seat 5: RAidakCo folded before Flop (didn't bet)
Seat 6: BGS013 folded before Flop (didn't bet)



PokerStars Hand #254484325340:  Hold'em No Limit ($0.50/$1.00 USD) - 2025/01/21 15:07:26 WET [2025/01/21 10:07:26 ET]
Table 'Otero III' 6-max Seat #3 is the button
Seat 1: antgouna ($92 in chips) 
Seat 2: chelsea16730 ($36.17 in chips) 
Seat 3: Unipoker11 ($103.95 in chips) 
Seat 4: Joe_Li7 ($103.26 in chips) 
Seat 5: RAidakCo ($100 in chips) 
Seat 6: BGS013 ($102.72 in chips) 
Joe_Li7: posts small blind $0.50
RAidakCo: posts big blind $1
*** HOLE CARDS ***
BGS013: folds 
antgouna: folds 
chelsea16730: raises $2 to $3
Unipoker11: raises $5 to $8
Joe_Li7: folds 
RAidakCo: folds 
chelsea16730: calls $5
*** FLOP *** [5s Th Ah]
chelsea16730: checks 
Unipoker11: bets $4.16
chelsea16730: calls $4.16
*** TURN *** [5s Th Ah] [8h]
chelsea16730: checks 
Unipoker11: bets $91.79 and is all-in
chelsea16730: folds 
Uncalled bet ($91.79) returned to Unipoker11
Unipoker11 collected $24.53 from pot
Unipoker11: doesn't show hand 
*** SUMMARY ***
Total pot $25.82 | Rake $1.29 
Board [5s Th Ah 8h]
Seat 1: antgouna folded before Flop (didn't bet)
Seat 2: chelsea16730 folded on the Turn
Seat 3: Unipoker11 (button) collected ($24.53)
Seat 4: Joe_Li7 (small blind) folded before Flop
Seat 5: RAidakCo (big blind) folded before Flop
Seat 6: BGS013 folded before Flop (didn't bet)



PokerStars Hand #254484333052:  Hold'em No Limit ($0.50/$1.00 USD) - 2025/01/21 15:08:07 WET [2025/01/21 10:08:07 ET]
Table 'Otero III' 6-max Seat #4 is the button
Seat 1: antgouna ($92 in chips) 
Seat 2: chelsea16730 ($24.01 in chips) 
Seat 3: Unipoker11 ($116.32 in chips) 
Seat 4: Joe_Li7 ($102.76 in chips) 
Seat 5: RAidakCo ($100 in chips) 
Seat 6: BGS013 ($102.72 in chips) 
RAidakCo: posts small blind $0.50
BGS013: posts big blind $1
*** HOLE CARDS ***
antgouna: raises $1.30 to $2.30
chelsea16730: raises $3.70 to $6
Unipoker11: folds 
Joe_Li7: folds 
RAidakCo: folds 
BGS013: folds 
antgouna: raises $51 to $57
chelsea16730: calls $18.01 and is all-in
Uncalled bet ($32.99) returned to antgouna
*** FLOP *** [Jc 3c 7s]
*** TURN *** [Jc 3c 7s] [3s]
*** RIVER *** [Jc 3c 7s 3s] [Qc]
*** SHOW DOWN ***
antgouna: shows [8h 8c] (two pair, Eights and Threes)
chelsea16730: shows [Qd Js] (two pair, Queens and Jacks)
chelsea16730 collected $47.04 from pot
*** SUMMARY ***
Total pot $49.52 | Rake $2.48 
Board [Jc 3c 7s 3s Qc]
Seat 1: antgouna showed [8h 8c] and lost with two pair, Eights and Threes
Seat 2: chelsea16730 showed [Qd Js] and won ($47.04) with two pair, Queens and Jacks
Seat 3: Unipoker11 folded before Flop (didn't bet)
Seat 4: Joe_Li7 (button) folded before Flop (didn't bet)
Seat 5: RAidakCo (small blind) folded before Flop
Seat 6: BGS013 (big blind) folded before Flop



PokerStars Hand #254484340858:  Hold'em No Limit ($0.50/$1.00 USD) - 2025/01/21 15:08:48 WET [2025/01/21 10:08:48 ET]
Table 'Otero III' 6-max Seat #5 is the button
Seat 1: antgouna ($67.99 in chips) 
Seat 2: chelsea16730 ($47.04 in chips) 
Seat 3: Unipoker11 ($116.32 in chips) 
Seat 4: Joe_Li7 ($102.76 in chips) 
Seat 5: RAidakCo ($100 in chips) 
Seat 6: BGS013 ($101.72 in chips) 
BGS013: posts small blind $0.50
antgouna: posts big blind $1
*** HOLE CARDS ***
chelsea16730: folds 
Unipoker11: raises $1 to $2
Joe_Li7: folds 
RAidakCo: folds 
BGS013: folds 
antgouna: folds 
Uncalled bet ($1) returned to Unipoker11
Unipoker11 collected $2.50 from pot
Unipoker11: doesn't show hand 
*** SUMMARY ***
Total pot $2.50 | Rake $0 
Seat 1: antgouna (big blind) folded before Flop
Seat 2: chelsea16730 folded before Flop (didn't bet)
Seat 3: Unipoker11 collected ($2.50)
Seat 4: Joe_Li7 folded before Flop (didn't bet)
Seat 5: RAidakCo (button) folded before Flop (didn't bet)
Seat 6: BGS013 (small blind) folded before Flop



PokerStars Hand #254484345401:  Hold'em No Limit ($0.50/$1.00 USD) - 2025/01/21 15:09:12 WET [2025/01/21 10:09:12 ET]
Table 'Otero III' 6-max Seat #6 is the button
Seat 1: antgouna ($66.99 in chips) 
Seat 2: chelsea16730 ($47.04 in chips) 
Seat 3: Unipoker11 ($117.82 in chips) 
Seat 4: Joe_Li7 ($102.76 in chips) 
Seat 5: RAidakCo ($100 in chips) 
Seat 6: BGS013 ($101.22 in chips) 
antgouna: posts small blind $0.50
chelsea16730: posts big blind $1
*** HOLE CARDS ***
Unipoker11: folds 
Joe_Li7: folds 
RAidakCo: folds 
BGS013: raises $1.50 to $2.50
antgouna: folds 
chelsea16730: folds 
Uncalled bet ($1.50) returned to BGS013
BGS013 collected $2.50 from pot
BGS013: doesn't show hand 
*** SUMMARY ***
Total pot $2.50 | Rake $0 
Seat 1: antgouna (small blind) folded before Flop
Seat 2: chelsea16730 (big blind) folded before Flop
Seat 3: Unipoker11 folded before Flop (didn't bet)
Seat 4: Joe_Li7 folded before Flop (didn't bet)
Seat 5: RAidakCo folded before Flop (didn't bet)
Seat 6: BGS013 (button) collected ($2.50)



PokerStars Hand #254484350165:  Hold'em No Limit ($0.50/$1.00 USD) - 2025/01/21 15:09:37 WET [2025/01/21 10:09:37 ET]
Table 'Otero III' 6-max Seat #1 is the button
Seat 1: antgouna ($66.49 in chips) 
Seat 2: chelsea16730 ($46.04 in chips) 
Seat 3: Unipoker11 ($117.82 in chips) 
Seat 4: Joe_Li7 ($102.76 in chips) 
Seat 5: RAidakCo ($100 in chips) 
Seat 6: BGS013 ($102.72 in chips) 
chelsea16730: posts small blind $0.50
Unipoker11: posts big blind $1
*** HOLE CARDS ***
Joe_Li7: folds 
RAidakCo: folds 
BGS013: raises $1.50 to $2.50
antgouna: folds 
chelsea16730: folds 
Unipoker11: folds 
Uncalled bet ($1.50) returned to BGS013
BGS013 collected $2.50 from pot
BGS013: doesn't show hand 
*** SUMMARY ***
Total pot $2.50 | Rake $0 
Seat 1: antgouna (button) folded before Flop (didn't bet)
Seat 2: chelsea16730 (small blind) folded before Flop
Seat 3: Unipoker11 (big blind) folded before Flop
Seat 4: Joe_Li7 folded before Flop (didn't bet)
Seat 5: RAidakCo folded before Flop (didn't bet)
Seat 6: BGS013 collected ($2.50)



PokerStars Hand #254484352885:  Hold'em No Limit ($0.50/$1.00 USD) - 2025/01/21 15:09:51 WET [2025/01/21 10:09:51 ET]
Table 'Otero III' 6-max Seat #2 is the button
Seat 1: antgouna ($66.49 in chips) 
Seat 2: chelsea16730 ($45.54 in chips) 
Seat 3: Unipoker11 ($116.82 in chips) 
Seat 4: Joe_Li7 ($102.76 in chips) 
Seat 5: RAidakCo ($100 in chips) 
Seat 6: BGS013 ($104.22 in chips) 
Unipoker11: posts small blind $0.50
Joe_Li7: posts big blind $1
*** HOLE CARDS ***
RAidakCo: folds 
BGS013: folds 
antgouna: folds 
chelsea16730: raises $1 to $2
Unipoker11: folds 
Joe_Li7: calls $1
*** FLOP *** [Jc 4c 6d]
Joe_Li7: checks 
chelsea16730: bets $3
Joe_Li7: calls $3
*** TURN *** [Jc 4c 6d] [Js]
Joe_Li7: checks 
chelsea16730: checks 
*** RIVER *** [Jc 4c 6d Js] [Qd]
Joe_Li7: bets $12.67
chelsea16730: folds 
Uncalled bet ($12.67) returned to Joe_Li7
Joe_Li7 collected $9.98 from pot
*** SUMMARY ***
Total pot $10.50 | Rake $0.52 
Board [Jc 4c 6d Js Qd]
Seat 1: antgouna folded before Flop (didn't bet)
Seat 2: chelsea16730 (button) folded on the River
Seat 3: Unipoker11 (small blind) folded before Flop
Seat 4: Joe_Li7 (big blind) collected ($9.98)
Seat 5: RAidakCo folded before Flop (didn't bet)
Seat 6: BGS013 folded before Flop (didn't bet)



PokerStars Hand #254484365300:  Hold'em No Limit ($0.50/$1.00 USD) - 2025/01/21 15:10:57 WET [2025/01/21 10:10:57 ET]
Table 'Otero III' 6-max Seat #3 is the button
Seat 1: antgouna ($66.49 in chips) 
Seat 2: chelsea16730 ($40.54 in chips) 
Seat 3: Unipoker11 ($116.32 in chips) 
Seat 4: Joe_Li7 ($107.74 in chips) 
Seat 5: RAidakCo ($100 in chips) 
Seat 6: BGS013 ($104.22 in chips) 
Joe_Li7: posts small blind $0.50
RAidakCo: posts big blind $1
*** HOLE CARDS ***
BGS013: folds 
antgouna: folds 
chelsea16730: folds 
Unipoker11: raises $1.50 to $2.50
Joe_Li7: raises $8 to $10.50
RAidakCo: folds 
Unipoker11: folds 
Uncalled bet ($8) returned to Joe_Li7
Joe_Li7 collected $6 from pot
*** SUMMARY ***
Total pot $6 | Rake $0 
Seat 1: antgouna folded before Flop (didn't bet)
Seat 2: chelsea16730 folded before Flop (didn't bet)
Seat 3: Unipoker11 (button) folded before Flop
Seat 4: Joe_Li7 (small blind) collected ($6)
Seat 5: RAidakCo (big blind) folded before Flop
Seat 6: BGS013 folded before Flop (didn't bet)



PokerStars Hand #254484370586:  Hold'em No Limit ($0.50/$1.00 USD) - 2025/01/21 15:11:25 WET [2025/01/21 10:11:25 ET]
Table 'Otero III' 6-max Seat #4 is the button
Seat 1: antgouna ($66.49 in chips) 
Seat 2: chelsea16730 ($40.54 in chips) 
Seat 3: Unipoker11 ($113.82 in chips) 
Seat 4: Joe_Li7 ($111.24 in chips) 
Seat 5: RAidakCo ($100 in chips) 
Seat 6: BGS013 ($104.22 in chips) 
RAidakCo: posts small blind $0.50
BGS013: posts big blind $1
*** HOLE CARDS ***
antgouna: folds 
chelsea16730: folds 
Unipoker11 has timed out
Unipoker11: folds 
Joe_Li7: raises $1.50 to $2.50
RAidakCo: folds 
BGS013: folds 
Uncalled bet ($1.50) returned to Joe_Li7
Joe_Li7 collected $2.50 from pot
*** SUMMARY ***
Total pot $2.50 | Rake $0 
Seat 1: antgouna folded before Flop (didn't bet)
Seat 2: chelsea16730 folded before Flop (didn't bet)
Seat 3: Unipoker11 folded before Flop (didn't bet)
Seat 4: Joe_Li7 (button) collected ($2.50)
Seat 5: RAidakCo (small blind) folded before Flop
Seat 6: BGS013 (big blind) folded before Flop



PokerStars Hand #254484377669:  Hold'em No Limit ($0.50/$1.00 USD) - 2025/01/21 15:12:01 WET [2025/01/21 10:12:01 ET]
Table 'Otero III' 6-max Seat #5 is the button
Seat 1: antgouna ($66.49 in chips) 
Seat 2: chelsea16730 ($40.54 in chips) 
Seat 3: Unipoker11 ($113.82 in chips) 
Seat 4: Joe_Li7 ($112.74 in chips) 
Seat 5: RAidakCo ($100 in chips) 
Seat 6: BGS013 ($103.22 in chips) 
BGS013: posts small blind $0.50
antgouna: posts big blind $1
*** HOLE CARDS ***
chelsea16730: calls $1
Unipoker11: folds 
Joe_Li7: folds 
RAidakCo: folds 
BGS013: folds 
antgouna: checks 
*** FLOP *** [Ah Kc Ac]
antgouna: checks 
chelsea16730: checks 
*** TURN *** [Ah Kc Ac] [Jh]
antgouna: checks 
chelsea16730: checks 
*** RIVER *** [Ah Kc Ac Jh] [As]
antgouna: checks 
chelsea16730: checks 
*** SHOW DOWN ***
antgouna: shows [5c 8d] (three of a kind, Aces)
chelsea16730: shows [8s 9d] (three of a kind, Aces)
antgouna collected $1.19 from pot
chelsea16730 collected $1.19 from pot
*** SUMMARY ***
Total pot $2.50 | Rake $0.12 
Board [Ah Kc Ac Jh As]
Seat 1: antgouna (big blind) showed [5c 8d] and won ($1.19) with three of a kind, Aces
Seat 2: chelsea16730 showed [8s 9d] and won ($1.19) with three of a kind, Aces
Seat 3: Unipoker11 folded before Flop (didn't bet)
Seat 4: Joe_Li7 folded before Flop (didn't bet)
Seat 5: RAidakCo (button) folded before Flop (didn't bet)
Seat 6: BGS013 (small blind) folded before Flop



PokerStars Hand #254484389090:  Hold'em No Limit ($0.50/$1.00 USD) - 2025/01/21 15:13:01 WET [2025/01/21 10:13:01 ET]
Table 'Otero III' 6-max Seat #6 is the button
Seat 1: antgouna ($100 in chips) 
Seat 2: chelsea16730 ($40.73 in chips) 
Seat 3: Unipoker11 ($113.82 in chips) 
Seat 4: Joe_Li7 ($112.74 in chips) 
Seat 5: RAidakCo ($100 in chips) 
Seat 6: BGS013 ($102.72 in chips) 
antgouna: posts small blind $0.50
chelsea16730: posts big blind $1
*** HOLE CARDS ***
Unipoker11: folds 
Joe_Li7: folds 
RAidakCo: folds 
BGS013: folds 
antgouna: raises $1.30 to $2.30
chelsea16730: folds 
Uncalled bet ($1.30) returned to antgouna
antgouna collected $2 from pot
antgouna: doesn't show hand 
*** SUMMARY ***
Total pot $2 | Rake $0 
Seat 1: antgouna (small blind) collected ($2)
Seat 2: chelsea16730 (big blind) folded before Flop
Seat 3: Unipoker11 folded before Flop (didn't bet)
Seat 4: Joe_Li7 folded before Flop (didn't bet)
Seat 5: RAidakCo folded before Flop (didn't bet)
Seat 6: BGS013 (button) folded before Flop (didn't bet)



PokerStars Hand #254484392205:  Hold'em No Limit ($0.50/$1.00 USD) - 2025/01/21 15:13:17 WET [2025/01/21 10:13:17 ET]
Table 'Otero III' 6-max Seat #1 is the button
Seat 1: antgouna ($101 in chips) 
Seat 2: chelsea16730 ($39.73 in chips) 
Seat 3: Unipoker11 ($113.82 in chips) 
Seat 4: Joe_Li7 ($112.74 in chips) 
Seat 5: RAidakCo ($100 in chips) 
Seat 6: BGS013 ($102.72 in chips) 
chelsea16730: posts small blind $0.50
Unipoker11: posts big blind $1
*** HOLE CARDS ***
Joe_Li7: folds 
RAidakCo: raises $1.20 to $2.20
BGS013: raises $5.80 to $8
antgouna: folds 
chelsea16730: folds 
Unipoker11: folds 
RAidakCo: raises $92 to $100 and is all-in
BGS013: folds 
Uncalled bet ($92) returned to RAidakCo
RAidakCo collected $17.50 from pot
RAidakCo: doesn't show hand 
*** SUMMARY ***
Total pot $17.50 | Rake $0 
Seat 1: antgouna (button) folded before Flop (didn't bet)
Seat 2: chelsea16730 (small blind) folded before Flop
Seat 3: Unipoker11 (big blind) folded before Flop
Seat 4: Joe_Li7 folded before Flop (didn't bet)
Seat 5: RAidakCo collected ($17.50)
Seat 6: BGS013 folded before Flop



PokerStars Hand #254484397356:  Hold'em No Limit ($0.50/$1.00 USD) - 2025/01/21 15:13:43 WET [2025/01/21 10:13:43 ET]
Table 'Otero III' 6-max Seat #2 is the button
Seat 1: antgouna ($101 in chips) 
Seat 2: chelsea16730 ($39.23 in chips) 
Seat 3: Unipoker11 ($112.82 in chips) 
Seat 4: Joe_Li7 ($112.74 in chips) 
Seat 5: RAidakCo ($109.50 in chips) 
Seat 6: BGS013 ($100 in chips) 
Unipoker11: posts small blind $0.50
Joe_Li7: posts big blind $1
*** HOLE CARDS ***
RAidakCo: folds 
BGS013: folds 
antgouna: folds 
chelsea16730: calls $1
Unipoker11: raises $4 to $5
Joe_Li7: folds 
chelsea16730: calls $4
*** FLOP *** [2h 5d 8d]
Unipoker11: checks 
chelsea16730: bets $4
Unipoker11: calls $4
*** TURN *** [2h 5d 8d] [Ah]
Unipoker11: checks 
chelsea16730: checks 
*** RIVER *** [2h 5d 8d Ah] [9d]
Unipoker11: checks 
chelsea16730: checks 
*** SHOW DOWN ***
Unipoker11: shows [Jc Ad] (a pair of Aces)
chelsea16730: mucks hand 
Unipoker11 collected $18.05 from pot
*** SUMMARY ***
Total pot $19 | Rake $0.95 
Board [2h 5d 8d Ah 9d]
Seat 1: antgouna folded before Flop (didn't bet)
Seat 2: chelsea16730 (button) mucked
Seat 3: Unipoker11 (small blind) showed [Jc Ad] and won ($18.05) with a pair of Aces
Seat 4: Joe_Li7 (big blind) folded before Flop
Seat 5: RAidakCo folded before Flop (didn't bet)
Seat 6: BGS013 folded before Flop (didn't bet)



PokerStars Hand #254484410953:  Hold'em No Limit ($0.50/$1.00 USD) - 2025/01/21 15:14:53 WET [2025/01/21 10:14:53 ET]
Table 'Otero III' 6-max Seat #3 is the button
Seat 1: antgouna ($101 in chips) 
Seat 2: chelsea16730 ($30.23 in chips) 
Seat 3: Unipoker11 ($121.87 in chips) 
Seat 4: Joe_Li7 ($111.74 in chips) 
Seat 5: RAidakCo ($109.50 in chips) 
Seat 6: BGS013 ($100 in chips) 
Joe_Li7: posts small blind $0.50
RAidakCo: posts big blind $1
*** HOLE CARDS ***
BGS013: folds 
antgouna: folds 
chelsea16730: folds 
Unipoker11: raises $1.50 to $2.50
Joe_Li7: folds 
RAidakCo: folds 
Uncalled bet ($1.50) returned to Unipoker11
Unipoker11 collected $2.50 from pot
Unipoker11: doesn't show hand 
*** SUMMARY ***
Total pot $2.50 | Rake $0 
Seat 1: antgouna folded before Flop (didn't bet)
Seat 2: chelsea16730 folded before Flop (didn't bet)
Seat 3: Unipoker11 (button) collected ($2.50)
Seat 4: Joe_Li7 (small blind) folded before Flop
Seat 5: RAidakCo (big blind) folded before Flop
Seat 6: BGS013 folded before Flop (didn't bet)



PokerStars Hand #254484414562:  Hold'em No Limit ($0.50/$1.00 USD) - 2025/01/21 15:15:11 WET [2025/01/21 10:15:11 ET]
Table 'Otero III' 6-max Seat #4 is the button
Seat 1: antgouna ($101 in chips) 
Seat 2: chelsea16730 ($30.23 in chips) 
Seat 3: Unipoker11 ($123.37 in chips) 
Seat 4: Joe_Li7 ($111.24 in chips) 
Seat 5: RAidakCo ($108.50 in chips) 
Seat 6: BGS013 ($100 in chips) 
RAidakCo: posts small blind $0.50
BGS013: posts big blind $1
*** HOLE CARDS ***
antgouna: raises $1.30 to $2.30
chelsea16730: folds 
Unipoker11: folds 
Joe_Li7: folds 
RAidakCo: folds 
BGS013: folds 
Uncalled bet ($1.30) returned to antgouna
antgouna collected $2.50 from pot
antgouna: doesn't show hand 
*** SUMMARY ***
Total pot $2.50 | Rake $0 
Seat 1: antgouna collected ($2.50)
Seat 2: chelsea16730 folded before Flop (didn't bet)
Seat 3: Unipoker11 folded before Flop (didn't bet)
Seat 4: Joe_Li7 (button) folded before Flop (didn't bet)
Seat 5: RAidakCo (small blind) folded before Flop
Seat 6: BGS013 (big blind) folded before Flop



PokerStars Hand #254484418986:  Hold'em No Limit ($0.50/$1.00 USD) - 2025/01/21 15:15:33 WET [2025/01/21 10:15:33 ET]
Table 'Otero III' 6-max Seat #5 is the button
Seat 1: antgouna ($102.50 in chips) 
Seat 2: chelsea16730 ($30.23 in chips) 
Seat 3: Unipoker11 ($123.37 in chips) 
Seat 4: Joe_Li7 ($111.24 in chips) 
Seat 5: RAidakCo ($108 in chips) 
Seat 6: BGS013 ($100 in chips) 
BGS013: posts small blind $0.50
antgouna: posts big blind $1
*** HOLE CARDS ***
chelsea16730: calls $1
Unipoker11: folds 
Joe_Li7: folds 
RAidakCo: raises $3 to $4
BGS013: folds 
antgouna: folds 
chelsea16730: calls $3
*** FLOP *** [4d 8c 9h]
chelsea16730: bets $26.23 and is all-in
RAidakCo: folds 
Uncalled bet ($26.23) returned to chelsea16730
chelsea16730 collected $9.02 from pot
*** SUMMARY ***
Total pot $9.50 | Rake $0.48 
Board [4d 8c 9h]
Seat 1: antgouna (big blind) folded before Flop
Seat 2: chelsea16730 collected ($9.02)
Seat 3: Unipoker11 folded before Flop (didn't bet)
Seat 4: Joe_Li7 folded before Flop (didn't bet)
Seat 5: RAidakCo (button) folded on the Flop
Seat 6: BGS013 (small blind) folded before Flop



PokerStars Hand #254484426555:  Hold'em No Limit ($0.50/$1.00 USD) - 2025/01/21 15:16:11 WET [2025/01/21 10:16:11 ET]
Table 'Otero III' 6-max Seat #6 is the button
Seat 1: antgouna ($101.50 in chips) 
Seat 2: chelsea16730 ($35.25 in chips) 
Seat 3: Unipoker11 ($123.37 in chips) 
Seat 4: Joe_Li7 ($111.24 in chips) 
Seat 5: RAidakCo ($104 in chips) 
Seat 6: BGS013 ($100 in chips) 
antgouna: posts small blind $0.50
chelsea16730: posts big blind $1
*** HOLE CARDS ***
Unipoker11: folds 
Joe_Li7: folds 
RAidakCo: folds 
BGS013: folds 
antgouna: raises $1.30 to $2.30
chelsea16730: folds 
Uncalled bet ($1.30) returned to antgouna
antgouna collected $2 from pot
antgouna: doesn't show hand 
*** SUMMARY ***
Total pot $2 | Rake $0 
Seat 1: antgouna (small blind) collected ($2)
Seat 2: chelsea16730 (big blind) folded before Flop
Seat 3: Unipoker11 folded before Flop (didn't bet)
Seat 4: Joe_Li7 folded before Flop (didn't bet)
Seat 5: RAidakCo folded before Flop (didn't bet)
Seat 6: BGS013 (button) folded before Flop (didn't bet)



PokerStars Hand #254484429851:  Hold'em No Limit ($0.50/$1.00 USD) - 2025/01/21 15:16:28 WET [2025/01/21 10:16:28 ET]
Table 'Otero III' 6-max Seat #1 is the button
Seat 1: antgouna ($102.50 in chips) 
Seat 2: chelsea16730 ($34.25 in chips) 
Seat 3: Unipoker11 ($123.37 in chips) 
Seat 4: Joe_Li7 ($111.24 in chips) 
Seat 5: RAidakCo ($104 in chips) 
Seat 6: BGS013 ($100 in chips) 
chelsea16730: posts small blind $0.50
Unipoker11: posts big blind $1
*** HOLE CARDS ***
Joe_Li7: folds 
RAidakCo: folds 
BGS013: folds 
antgouna: folds 
chelsea16730: calls $0.50
Unipoker11: raises $2.50 to $3.50
chelsea16730: raises $30.75 to $34.25 and is all-in
Unipoker11: folds 
Uncalled bet ($30.75) returned to chelsea16730
chelsea16730 collected $7 from pot
*** SUMMARY ***
Total pot $7 | Rake $0 
Seat 1: antgouna (button) folded before Flop (didn't bet)
Seat 2: chelsea16730 (small blind) collected ($7)
Seat 3: Unipoker11 (big blind) folded before Flop
Seat 4: Joe_Li7 folded before Flop (didn't bet)
Seat 5: RAidakCo folded before Flop (didn't bet)
Seat 6: BGS013 folded before Flop (didn't bet)



PokerStars Hand #254484436046:  Hold'em No Limit ($0.50/$1.00 USD) - 2025/01/21 15:16:58 WET [2025/01/21 10:16:58 ET]
Table 'Otero III' 6-max Seat #2 is the button
Seat 1: antgouna ($102.50 in chips) 
Seat 2: chelsea16730 ($37.75 in chips) 
Seat 3: Unipoker11 ($119.87 in chips) 
Seat 4: Joe_Li7 ($111.24 in chips) 
Seat 5: RAidakCo ($104 in chips) 
Seat 6: BGS013 ($100 in chips) 
Unipoker11: posts small blind $0.50
Joe_Li7: posts big blind $1
*** HOLE CARDS ***
RAidakCo: folds 
BGS013: folds 
antgouna: folds 
chelsea16730: calls $1
Unipoker11: raises $3 to $4
Joe_Li7: folds 
chelsea16730: folds 
Uncalled bet ($3) returned to Unipoker11
Unipoker11 collected $3 from pot
Unipoker11: doesn't show hand 
*** SUMMARY ***
Total pot $3 | Rake $0 
Seat 1: antgouna folded before Flop (didn't bet)
Seat 2: chelsea16730 (button) folded before Flop
Seat 3: Unipoker11 (small blind) collected ($3)
Seat 4: Joe_Li7 (big blind) folded before Flop
Seat 5: RAidakCo folded before Flop (didn't bet)
Seat 6: BGS013 folded before Flop (didn't bet)



PokerStars Hand #254484440832:  Hold'em No Limit ($0.50/$1.00 USD) - 2025/01/21 15:17:21 WET [2025/01/21 10:17:21 ET]
Table 'Otero III' 6-max Seat #3 is the button
Seat 1: antgouna ($102.50 in chips) 
Seat 2: chelsea16730 ($36.75 in chips) 
Seat 3: Unipoker11 ($121.87 in chips) 
Seat 4: Joe_Li7 ($110.24 in chips) 
Seat 5: RAidakCo ($104 in chips) 
Seat 6: BGS013 ($100 in chips) 
Joe_Li7: posts small blind $0.50
RAidakCo: posts big blind $1
*** HOLE CARDS ***
BGS013: folds 
antgouna: folds 
chelsea16730: folds 
Unipoker11: raises $1.50 to $2.50
Joe_Li7: folds 
RAidakCo: calls $1.50
*** FLOP *** [Ks Kh Ts]
RAidakCo: checks 
Unipoker11: bets $1.30
RAidakCo: calls $1.30
*** TURN *** [Ks Kh Ts] [8c]
RAidakCo: checks 
Unipoker11: checks 
*** RIVER *** [Ks Kh Ts 8c] [Jc]
RAidakCo: checks 
Unipoker11: bets $5.16
RAidakCo: calls $5.16
*** SHOW DOWN ***
Unipoker11: shows [4c 5c] (a pair of Kings)
RAidakCo: shows [Th 9c] (two pair, Kings and Tens)
RAidakCo collected $17.50 from pot
*** SUMMARY ***
Total pot $18.42 | Rake $0.92 
Board [Ks Kh Ts 8c Jc]
Seat 1: antgouna folded before Flop (didn't bet)
Seat 2: chelsea16730 folded before Flop (didn't bet)
Seat 3: Unipoker11 (button) showed [4c 5c] and lost with a pair of Kings
Seat 4: Joe_Li7 (small blind) folded before Flop
Seat 5: RAidakCo (big blind) showed [Th 9c] and won ($17.50) with two pair, Kings and Tens
Seat 6: BGS013 folded before Flop (didn't bet)



PokerStars Hand #254484455079:  Hold'em No Limit ($0.50/$1.00 USD) - 2025/01/21 15:18:32 WET [2025/01/21 10:18:32 ET]
Table 'Otero III' 6-max Seat #4 is the button
Seat 1: antgouna ($102.50 in chips) 
Seat 2: chelsea16730 ($36.75 in chips) 
Seat 3: Unipoker11 ($112.91 in chips) 
Seat 4: Joe_Li7 ($109.74 in chips) 
Seat 5: RAidakCo ($112.54 in chips) 
Seat 6: BGS013 ($100 in chips) 
RAidakCo: posts small blind $0.50
BGS013: posts big blind $1
*** HOLE CARDS ***
antgouna: folds 
chelsea16730: calls $1
Unipoker11: folds 
Joe_Li7: folds 
RAidakCo: calls $0.50
BGS013: checks 
*** FLOP *** [8d 7c As]
RAidakCo: checks 
BGS013: checks 
chelsea16730: checks 
*** TURN *** [8d 7c As] [Ts]
RAidakCo: checks 
BGS013: checks 
chelsea16730: bets $2
RAidakCo: calls $2
BGS013: folds 
*** RIVER *** [8d 7c As Ts] [3c]
RAidakCo: checks 
chelsea16730: checks 
*** SHOW DOWN ***
RAidakCo: shows [6c 7h] (a pair of Sevens)
chelsea16730: shows [9d Td] (a pair of Tens)
chelsea16730 collected $6.65 from pot
*** SUMMARY ***
Total pot $7 | Rake $0.35 
Board [8d 7c As Ts 3c]
Seat 1: antgouna folded before Flop (didn't bet)
Seat 2: chelsea16730 showed [9d Td] and won ($6.65) with a pair of Tens
Seat 3: Unipoker11 folded before Flop (didn't bet)
Seat 4: Joe_Li7 (button) folded before Flop (didn't bet)
Seat 5: RAidakCo (small blind) showed [6c 7h] and lost with a pair of Sevens
Seat 6: BGS013 (big blind) folded on the Turn



PokerStars Hand #254484546487:  Hold'em No Limit ($0.50/$1.00 USD) - 2025/01/21 15:26:01 WET [2025/01/21 10:26:01 ET]
Table 'Otero III' 6-max Seat #3 is the button
Seat 1: antgouna ($121.93 in chips) 
Seat 2: chelsea16730 ($72.80 in chips) 
Seat 3: Unipoker11 ($107.41 in chips) 
Seat 4: Joe_Li7 ($100 in chips) 
Seat 5: RAidakCo ($100 in chips) 
Seat 6: BGS013 ($100 in chips) 
Joe_Li7: posts small blind $0.50
RAidakCo: posts big blind $1
*** HOLE CARDS ***
BGS013: folds 
antgouna: folds 
chelsea16730: folds 
Unipoker11: raises $1.50 to $2.50
Joe_Li7: folds 
RAidakCo: folds 
Uncalled bet ($1.50) returned to Unipoker11
Unipoker11 collected $2.50 from pot
Unipoker11: doesn't show hand 
*** SUMMARY ***
Total pot $2.50 | Rake $0 
Seat 1: antgouna folded before Flop (didn't bet)
Seat 2: chelsea16730 folded before Flop (didn't bet)
Seat 3: Unipoker11 (button) collected ($2.50)
Seat 4: Joe_Li7 (small blind) folded before Flop
Seat 5: RAidakCo (big blind) folded before Flop
Seat 6: BGS013 folded before Flop (didn't bet)



PokerStars Hand #254484553436:  Hold'em No Limit ($0.50/$1.00 USD) - 2025/01/21 15:26:34 WET [2025/01/21 10:26:34 ET]
Table 'Otero III' 6-max Seat #4 is the button
Seat 1: antgouna ($121.93 in chips) 
Seat 2: chelsea16730 ($72.80 in chips) 
Seat 3: Unipoker11 ($108.91 in chips) 
Seat 4: Joe_Li7 ($100 in chips) 
Seat 5: RAidakCo ($100 in chips) 
Seat 6: BGS013 ($100 in chips) 
RAidakCo: posts small blind $0.50
BGS013: posts big blind $1
*** HOLE CARDS ***
antgouna: folds 
chelsea16730: folds 
Unipoker11: folds 
Joe_Li7: folds 
RAidakCo: raises $2 to $3
BGS013: raises $6.50 to $9.50
RAidakCo: raises $12.50 to $22
BGS013: calls $12.50
*** FLOP *** [Qc 3s 7c]
RAidakCo: bets $13.79
BGS013: calls $13.79
*** TURN *** [Qc 3s 7c] [As]
RAidakCo: bets $15
BGS013: calls $15
*** RIVER *** [Qc 3s 7c As] [Qd]
RAidakCo: checks 
BGS013: bets $49.21 and is all-in
RAidakCo: folds 
Uncalled bet ($49.21) returned to BGS013
BGS013 collected $99.08 from pot
BGS013: doesn't show hand 
*** SUMMARY ***
Total pot $101.58 | Rake $2.50 
Board [Qc 3s 7c As Qd]
Seat 1: antgouna folded before Flop (didn't bet)
Seat 2: chelsea16730 folded before Flop (didn't bet)
Seat 3: Unipoker11 folded before Flop (didn't bet)
Seat 4: Joe_Li7 (button) folded before Flop (didn't bet)
Seat 5: RAidakCo (small blind) folded on the River
Seat 6: BGS013 (big blind) collected ($99.08)



PokerStars Hand #254484577312:  Hold'em No Limit ($0.50/$1.00 USD) - 2025/01/21 15:28:31 WET [2025/01/21 10:28:31 ET]
Table 'Otero III' 6-max Seat #5 is the button
Seat 1: antgouna ($121.93 in chips) 
Seat 2: chelsea16730 ($72.80 in chips) 
Seat 3: Unipoker11 ($108.91 in chips) 
Seat 4: Joe_Li7 ($100 in chips) 
Seat 5: RAidakCo ($100 in chips) 
Seat 6: BGS013 ($148.29 in chips) 
BGS013: posts small blind $0.50
antgouna: posts big blind $1
*** HOLE CARDS ***
chelsea16730: calls $1
Unipoker11: folds 
Joe_Li7: raises $3.50 to $4.50
RAidakCo: raises $7.50 to $12
BGS013: folds 
antgouna: folds 
chelsea16730: folds 
Joe_Li7: folds 
Uncalled bet ($7.50) returned to RAidakCo
RAidakCo collected $11.50 from pot
RAidakCo: doesn't show hand 
*** SUMMARY ***
Total pot $11.50 | Rake $0 
Seat 1: antgouna (big blind) folded before Flop
Seat 2: chelsea16730 folded before Flop
Seat 3: Unipoker11 folded before Flop (didn't bet)
Seat 4: Joe_Li7 folded before Flop
Seat 5: RAidakCo (button) collected ($11.50)
Seat 6: BGS013 (small blind) folded before Flop



PokerStars Hand #254484585754:  Hold'em No Limit ($0.50/$1.00 USD) - 2025/01/21 15:29:12 WET [2025/01/21 10:29:12 ET]
Table 'Otero III' 6-max Seat #6 is the button
Seat 1: antgouna ($120.93 in chips) 
Seat 2: chelsea16730 ($71.80 in chips) 
Seat 3: Unipoker11 ($108.91 in chips) 
Seat 4: Joe_Li7 ($100 in chips) 
Seat 5: RAidakCo ($107 in chips) 
Seat 6: BGS013 ($147.79 in chips) 
antgouna: posts small blind $0.50
chelsea16730: posts big blind $1
*** HOLE CARDS ***
Unipoker11: folds 
Joe_Li7: folds 
RAidakCo: raises $1.20 to $2.20
BGS013: folds 
antgouna: folds 
chelsea16730: folds 
Uncalled bet ($1.20) returned to RAidakCo
RAidakCo collected $2.50 from pot
RAidakCo: doesn't show hand 
*** SUMMARY ***
Total pot $2.50 | Rake $0 
Seat 1: antgouna (small blind) folded before Flop
Seat 2: chelsea16730 (big blind) folded before Flop
Seat 3: Unipoker11 folded before Flop (didn't bet)
Seat 4: Joe_Li7 folded before Flop (didn't bet)
Seat 5: RAidakCo collected ($2.50)
Seat 6: BGS013 (button) folded before Flop (didn't bet)



PokerStars Hand #254484590593:  Hold'em No Limit ($0.50/$1.00 USD) - 2025/01/21 15:29:35 WET [2025/01/21 10:29:35 ET]
Table 'Otero III' 6-max Seat #1 is the button
Seat 1: antgouna ($120.43 in chips) 
Seat 2: chelsea16730 ($70.80 in chips) 
Seat 3: Unipoker11 ($108.91 in chips) 
Seat 4: Joe_Li7 ($100 in chips) 
Seat 5: RAidakCo ($108.50 in chips) 
Seat 6: BGS013 ($147.79 in chips) 
chelsea16730: posts small blind $0.50
Unipoker11: posts big blind $1
*** HOLE CARDS ***
Joe_Li7: folds 
RAidakCo: raises $1.20 to $2.20
BGS013: raises $5.80 to $8
antgouna: folds 
chelsea16730: folds 
Unipoker11: folds 
RAidakCo: folds 
Uncalled bet ($5.80) returned to BGS013
BGS013 collected $5.90 from pot
BGS013: doesn't show hand 
*** SUMMARY ***
Total pot $5.90 | Rake $0 
Seat 1: antgouna (button) folded before Flop (didn't bet)
Seat 2: chelsea16730 (small blind) folded before Flop
Seat 3: Unipoker11 (big blind) folded before Flop
Seat 4: Joe_Li7 folded before Flop (didn't bet)
Seat 5: RAidakCo folded before Flop
Seat 6: BGS013 collected ($5.90)



PokerStars Hand #254484597318:  Hold'em No Limit ($0.50/$1.00 USD) - 2025/01/21 15:30:07 WET [2025/01/21 10:30:07 ET]
Table 'Otero III' 6-max Seat #2 is the button
Seat 1: antgouna ($120.43 in chips) 
Seat 2: chelsea16730 ($70.30 in chips) 
Seat 3: Unipoker11 ($107.91 in chips) 
Seat 4: Joe_Li7 ($100 in chips) 
Seat 5: RAidakCo ($106.30 in chips) 
Seat 6: BGS013 ($151.49 in chips) 
Unipoker11: posts small blind $0.50
Joe_Li7: posts big blind $1
*** HOLE CARDS ***
RAidakCo: folds 
BGS013: folds 
antgouna: folds 
chelsea16730: folds 
Unipoker11: folds 
Uncalled bet ($0.50) returned to Joe_Li7
Joe_Li7 collected $1 from pot
*** SUMMARY ***
Total pot $1 | Rake $0 
Seat 1: antgouna folded before Flop (didn't bet)
Seat 2: chelsea16730 (button) folded before Flop (didn't bet)
Seat 3: Unipoker11 (small blind) folded before Flop
Seat 4: Joe_Li7 (big blind) collected ($1)
Seat 5: RAidakCo folded before Flop (didn't bet)
Seat 6: BGS013 folded before Flop (didn't bet)



PokerStars Hand #254484599247:  Hold'em No Limit ($0.50/$1.00 USD) - 2025/01/21 15:30:16 WET [2025/01/21 10:30:16 ET]
Table 'Otero III' 6-max Seat #3 is the button
Seat 1: antgouna ($120.43 in chips) 
Seat 2: chelsea16730 ($70.30 in chips) 
Seat 3: Unipoker11 ($107.41 in chips) 
Seat 4: Joe_Li7 ($100.50 in chips) 
Seat 5: RAidakCo ($106.30 in chips) 
Seat 6: BGS013 ($151.49 in chips) 
Joe_Li7: posts small blind $0.50
RAidakCo: posts big blind $1
*** HOLE CARDS ***
BGS013: folds 
antgouna: folds 
chelsea16730: folds 
Unipoker11: folds 
Joe_Li7: folds 
Uncalled bet ($0.50) returned to RAidakCo
RAidakCo collected $1 from pot
RAidakCo: doesn't show hand 
*** SUMMARY ***
Total pot $1 | Rake $0 
Seat 1: antgouna folded before Flop (didn't bet)
Seat 2: chelsea16730 folded before Flop (didn't bet)
Seat 3: Unipoker11 (button) folded before Flop (didn't bet)
Seat 4: Joe_Li7 (small blind) folded before Flop
Seat 5: RAidakCo (big blind) collected ($1)
Seat 6: BGS013 folded before Flop (didn't bet)



PokerStars Hand #254484602177:  Hold'em No Limit ($0.50/$1.00 USD) - 2025/01/21 15:30:30 WET [2025/01/21 10:30:30 ET]
Table 'Otero III' 6-max Seat #4 is the button
Seat 1: antgouna ($120.43 in chips) 
Seat 2: chelsea16730 ($70.30 in chips) 
Seat 3: Unipoker11 ($107.41 in chips) 
Seat 4: Joe_Li7 ($100 in chips) 
Seat 5: RAidakCo ($106.80 in chips) 
Seat 6: BGS013 ($151.49 in chips) 
RAidakCo: posts small blind $0.50
BGS013: posts big blind $1
*** HOLE CARDS ***
antgouna: folds 
chelsea16730: folds 
Unipoker11: folds 
Joe_Li7: folds 
RAidakCo: raises $2 to $3
BGS013: calls $2
*** FLOP *** [Jd Kd Ac]
RAidakCo: bets $1.88
BGS013: calls $1.88
*** TURN *** [Jd Kd Ac] [8s]
RAidakCo: checks 
BGS013: bets $14
RAidakCo: calls $14
*** RIVER *** [Jd Kd Ac 8s] [Qd]
RAidakCo: checks 
BGS013: checks 
*** SHOW DOWN ***
RAidakCo: shows [Tc Kh] (a straight, Ten to Ace)
BGS013: shows [Qh Ts] (a straight, Ten to Ace)
RAidakCo collected $17.94 from pot
BGS013 collected $17.93 from pot
*** SUMMARY ***
Total pot $37.76 | Rake $1.89 
Board [Jd Kd Ac 8s Qd]
Seat 1: antgouna folded before Flop (didn't bet)
Seat 2: chelsea16730 folded before Flop (didn't bet)
Seat 3: Unipoker11 folded before Flop (didn't bet)
Seat 4: Joe_Li7 (button) folded before Flop (didn't bet)
Seat 5: RAidakCo (small blind) showed [Tc Kh] and won ($17.94) with a straight, Ten to Ace
Seat 6: BGS013 (big blind) showed [Qh Ts] and won ($17.93) with a straight, Ten to Ace



PokerStars Hand #254484616462:  Hold'em No Limit ($0.50/$1.00 USD) - 2025/01/21 15:31:39 WET [2025/01/21 10:31:39 ET]
Table 'Otero III' 6-max Seat #5 is the button
Seat 1: antgouna ($120.43 in chips) 
Seat 2: chelsea16730 ($70.30 in chips) 
Seat 3: Unipoker11 ($107.41 in chips) 
Seat 4: Joe_Li7 ($100 in chips) 
Seat 5: RAidakCo ($105.86 in chips) 
Seat 6: BGS013 ($150.54 in chips) 
BGS013: posts small blind $0.50
antgouna: posts big blind $1
*** HOLE CARDS ***
chelsea16730: folds 
Unipoker11: folds 
Joe_Li7: folds 
RAidakCo: folds 
BGS013: raises $2 to $3
antgouna: raises $4 to $7
BGS013: raises $14.50 to $21.50
antgouna: folds 
Uncalled bet ($14.50) returned to BGS013
BGS013 collected $14 from pot
BGS013: doesn't show hand 
*** SUMMARY ***
Total pot $14 | Rake $0 
Seat 1: antgouna (big blind) folded before Flop
Seat 2: chelsea16730 folded before Flop (didn't bet)
Seat 3: Unipoker11 folded before Flop (didn't bet)
Seat 4: Joe_Li7 folded before Flop (didn't bet)
Seat 5: RAidakCo (button) folded before Flop (didn't bet)
Seat 6: BGS013 (small blind) collected ($14)



PokerStars Hand #254484624180:  Hold'em No Limit ($0.50/$1.00 USD) - 2025/01/21 15:32:16 WET [2025/01/21 10:32:16 ET]
Table 'Otero III' 6-max Seat #6 is the button
Seat 1: antgouna ($113.43 in chips) 
Seat 2: chelsea16730 ($70.30 in chips) 
Seat 3: Unipoker11 ($107.41 in chips) 
Seat 4: Joe_Li7 ($100 in chips) 
Seat 5: RAidakCo ($105.86 in chips) 
Seat 6: BGS013 ($157.54 in chips) 
antgouna: posts small blind $0.50
chelsea16730: posts big blind $1
*** HOLE CARDS ***
Unipoker11: folds 
Joe_Li7: folds 
RAidakCo: folds 
BGS013: raises $1.50 to $2.50
antgouna: folds 
chelsea16730: calls $1.50
*** FLOP *** [As Jh 2h]
chelsea16730: checks 
BGS013: bets $1.36
chelsea16730: folds 
Uncalled bet ($1.36) returned to BGS013
BGS013 collected $5.22 from pot
BGS013: doesn't show hand 
*** SUMMARY ***
Total pot $5.50 | Rake $0.28 
Board [As Jh 2h]
Seat 1: antgouna (small blind) folded before Flop
Seat 2: chelsea16730 (big blind) folded on the Flop
Seat 3: Unipoker11 folded before Flop (didn't bet)
Seat 4: Joe_Li7 folded before Flop (didn't bet)
Seat 5: RAidakCo folded before Flop (didn't bet)
Seat 6: BGS013 (button) collected ($5.22)



PokerStars Hand #254484630292:  Hold'em No Limit ($0.50/$1.00 USD) - 2025/01/21 15:32:45 WET [2025/01/21 10:32:45 ET]
Table 'Otero III' 6-max Seat #1 is the button
Seat 1: antgouna ($112.93 in chips) 
Seat 2: chelsea16730 ($67.80 in chips) 
Seat 3: Unipoker11 ($107.41 in chips) 
Seat 4: Joe_Li7 ($100 in chips) 
Seat 5: RAidakCo ($105.86 in chips) 
Seat 6: BGS013 ($160.26 in chips) 
chelsea16730: posts small blind $0.50
Unipoker11: posts big blind $1
*** HOLE CARDS ***
Joe_Li7: folds 
RAidakCo: folds 
BGS013: folds 
antgouna: folds 
chelsea16730: folds 
Uncalled bet ($0.50) returned to Unipoker11
Unipoker11 collected $1 from pot
Unipoker11: doesn't show hand 
*** SUMMARY ***
Total pot $1 | Rake $0 
Seat 1: antgouna (button) folded before Flop (didn't bet)
Seat 2: chelsea16730 (small blind) folded before Flop
Seat 3: Unipoker11 (big blind) collected ($1)
Seat 4: Joe_Li7 folded before Flop (didn't bet)
Seat 5: RAidakCo folded before Flop (didn't bet)
Seat 6: BGS013 folded before Flop (didn't bet)



PokerStars Hand #254484633936:  Hold'em No Limit ($0.50/$1.00 USD) - 2025/01/21 15:33:02 WET [2025/01/21 10:33:02 ET]
Table 'Otero III' 6-max Seat #2 is the button
Seat 1: antgouna ($112.93 in chips) 
Seat 2: chelsea16730 ($67.30 in chips) 
Seat 3: Unipoker11 ($107.91 in chips) 
Seat 4: Joe_Li7 ($100 in chips) 
Seat 5: RAidakCo ($105.86 in chips) 
Seat 6: BGS013 ($160.26 in chips) 
Unipoker11: posts small blind $0.50
Joe_Li7: posts big blind $1
*** HOLE CARDS ***
RAidakCo: folds 
BGS013: folds 
antgouna: folds 
chelsea16730: raises $1 to $2
Unipoker11: folds 
Joe_Li7: raises $9 to $11
chelsea16730: folds 
Uncalled bet ($9) returned to Joe_Li7
Joe_Li7 collected $4.50 from pot
*** SUMMARY ***
Total pot $4.50 | Rake $0 
Seat 1: antgouna folded before Flop (didn't bet)
Seat 2: chelsea16730 (button) folded before Flop
Seat 3: Unipoker11 (small blind) folded before Flop
Seat 4: Joe_Li7 (big blind) collected ($4.50)
Seat 5: RAidakCo folded before Flop (didn't bet)
Seat 6: BGS013 folded before Flop (didn't bet)



PokerStars Hand #254484642037:  Hold'em No Limit ($0.50/$1.00 USD) - 2025/01/21 15:33:41 WET [2025/01/21 10:33:41 ET]
Table 'Otero III' 6-max Seat #3 is the button
Seat 1: antgouna ($112.93 in chips) 
Seat 2: chelsea16730 ($65.30 in chips) 
Seat 3: Unipoker11 ($107.41 in chips) 
Seat 4: Joe_Li7 ($102.50 in chips) 
Seat 5: RAidakCo ($105.86 in chips) 
Seat 6: BGS013 ($160.26 in chips) 
Joe_Li7: posts small blind $0.50
RAidakCo: posts big blind $1
*** HOLE CARDS ***
BGS013: folds 
antgouna: folds 
chelsea16730: folds 
Unipoker11: folds 
Joe_Li7: folds 
Uncalled bet ($0.50) returned to RAidakCo
RAidakCo collected $1 from pot
RAidakCo: doesn't show hand 
*** SUMMARY ***
Total pot $1 | Rake $0 
Seat 1: antgouna folded before Flop (didn't bet)
Seat 2: chelsea16730 folded before Flop (didn't bet)
Seat 3: Unipoker11 (button) folded before Flop (didn't bet)
Seat 4: Joe_Li7 (small blind) folded before Flop
Seat 5: RAidakCo (big blind) collected ($1)
Seat 6: BGS013 folded before Flop (didn't bet)



PokerStars Hand #254484644459:  Hold'em No Limit ($0.50/$1.00 USD) - 2025/01/21 15:33:53 WET [2025/01/21 10:33:53 ET]
Table 'Otero III' 6-max Seat #4 is the button
Seat 1: antgouna ($112.93 in chips) 
Seat 2: chelsea16730 ($65.30 in chips) 
Seat 3: Unipoker11 ($107.41 in chips) 
Seat 4: Joe_Li7 ($102 in chips) 
Seat 5: RAidakCo ($106.36 in chips) 
Seat 6: BGS013 ($160.26 in chips) 
RAidakCo: posts small blind $0.50
BGS013: posts big blind $1
*** HOLE CARDS ***
antgouna: raises $1.30 to $2.30
chelsea16730: folds 
Unipoker11: folds 
Joe_Li7: folds 
RAidakCo: folds 
BGS013: calls $1.30
*** FLOP *** [Qh Ks Ah]
BGS013: checks 
antgouna: bets $2
BGS013: folds 
Uncalled bet ($2) returned to antgouna
antgouna collected $4.84 from pot
antgouna: doesn't show hand 
*** SUMMARY ***
Total pot $5.10 | Rake $0.26 
Board [Qh Ks Ah]
Seat 1: antgouna collected ($4.84)
Seat 2: chelsea16730 folded before Flop (didn't bet)
Seat 3: Unipoker11 folded before Flop (didn't bet)
Seat 4: Joe_Li7 (button) folded before Flop (didn't bet)
Seat 5: RAidakCo (small blind) folded before Flop
Seat 6: BGS013 (big blind) folded on the Flop



PokerStars Hand #254484654713:  Hold'em No Limit ($0.50/$1.00 USD) - 2025/01/21 15:34:40 WET [2025/01/21 10:34:40 ET]
Table 'Otero III' 6-max Seat #5 is the button
Seat 1: antgouna ($115.47 in chips) 
Seat 2: chelsea16730 ($65.30 in chips) 
Seat 3: Unipoker11 ($107.41 in chips) 
Seat 4: Joe_Li7 ($102 in chips) 
Seat 5: RAidakCo ($105.86 in chips) 
Seat 6: BGS013 ($157.96 in chips) 
BGS013: posts small blind $0.50
antgouna: posts big blind $1
*** HOLE CARDS ***
chelsea16730: calls $1
Unipoker11: folds 
Joe_Li7: folds 
RAidakCo: folds 
BGS013: raises $3.50 to $4.50
antgouna: folds 
chelsea16730: calls $3.50
*** FLOP *** [2c 4c 4d]
BGS013: bets $2.47
chelsea16730: calls $2.47
*** TURN *** [2c 4c 4d] [7c]
BGS013: bets $11.07
chelsea16730: folds 
Uncalled bet ($11.07) returned to BGS013
BGS013 collected $14.19 from pot
BGS013: doesn't show hand 
*** SUMMARY ***
Total pot $14.94 | Rake $0.75 
Board [2c 4c 4d 7c]
Seat 1: antgouna (big blind) folded before Flop
Seat 2: chelsea16730 folded on the Turn
Seat 3: Unipoker11 folded before Flop (didn't bet)
Seat 4: Joe_Li7 folded before Flop (didn't bet)
Seat 5: RAidakCo (button) folded before Flop (didn't bet)
Seat 6: BGS013 (small blind) collected ($14.19)



PokerStars Hand #254484664182:  Hold'em No Limit ($0.50/$1.00 USD) - 2025/01/21 15:35:25 WET [2025/01/21 10:35:25 ET]
Table 'Otero III' 6-max Seat #6 is the button
Seat 1: antgouna ($114.47 in chips) 
Seat 2: chelsea16730 ($58.33 in chips) 
Seat 3: Unipoker11 ($107.41 in chips) 
Seat 4: Joe_Li7 ($102 in chips) 
Seat 5: RAidakCo ($105.86 in chips) 
Seat 6: BGS013 ($165.18 in chips) 
antgouna: posts small blind $0.50
chelsea16730: posts big blind $1
*** HOLE CARDS ***
Unipoker11: folds 
Joe_Li7: folds 
RAidakCo: folds 
BGS013: raises $1.50 to $2.50
antgouna: folds 
chelsea16730: raises $4.50 to $7
BGS013: folds 
Uncalled bet ($4.50) returned to chelsea16730
chelsea16730 collected $5.50 from pot
*** SUMMARY ***
Total pot $5.50 | Rake $0 
Seat 1: antgouna (small blind) folded before Flop
Seat 2: chelsea16730 (big blind) collected ($5.50)
Seat 3: Unipoker11 folded before Flop (didn't bet)
Seat 4: Joe_Li7 folded before Flop (didn't bet)
Seat 5: RAidakCo folded before Flop (didn't bet)
Seat 6: BGS013 (button) folded before Flop



PokerStars Hand #254484671379:  Hold'em No Limit ($0.50/$1.00 USD) - 2025/01/21 15:35:59 WET [2025/01/21 10:35:59 ET]
Table 'Otero III' 6-max Seat #1 is the button
Seat 1: antgouna ($113.97 in chips) 
Seat 2: chelsea16730 ($61.33 in chips) 
Seat 3: Unipoker11 ($107.41 in chips) 
Seat 4: Joe_Li7 ($102 in chips) 
Seat 5: RAidakCo ($105.86 in chips) 
Seat 6: BGS013 ($162.68 in chips) 
chelsea16730: posts small blind $0.50
Unipoker11: posts big blind $1
*** HOLE CARDS ***
Joe_Li7: folds 
RAidakCo: folds 
BGS013: raises $1.50 to $2.50
antgouna: folds 
chelsea16730: calls $2
Unipoker11: folds 
*** FLOP *** [5d Ac Kc]
chelsea16730: checks 
BGS013: bets $4.45
chelsea16730: calls $4.45
*** TURN *** [5d Ac Kc] [Jh]
chelsea16730: checks 
BGS013: bets $12.50
chelsea16730: raises $41.88 to $54.38 and is all-in
BGS013: calls $41.88
*** RIVER *** [5d Ac Kc Jh] [8d]
*** SHOW DOWN ***
chelsea16730: shows [Tc As] (a pair of Aces)
BGS013: shows [Kd Ad] (two pair, Aces and Kings)
BGS013 collected $121.16 from pot
*** SUMMARY ***
Total pot $123.66 | Rake $2.50 
Board [5d Ac Kc Jh 8d]
Seat 1: antgouna (button) folded before Flop (didn't bet)
Seat 2: chelsea16730 (small blind) showed [Tc As] and lost with a pair of Aces
Seat 3: Unipoker11 (big blind) folded before Flop
Seat 4: Joe_Li7 folded before Flop (didn't bet)
Seat 5: RAidakCo folded before Flop (didn't bet)
Seat 6: BGS013 showed [Kd Ad] and won ($121.16) with two pair, Aces and Kings



PokerStars Hand #254484681848:  Hold'em No Limit ($0.50/$1.00 USD) - 2025/01/21 15:36:49 WET [2025/01/21 10:36:49 ET]
Table 'Otero III' 6-max Seat #3 is the button
Seat 2: chelsea16730 ($0 in chips) is sitting out
Seat 1: antgouna ($113.97 in chips) 
Seat 3: Unipoker11 ($106.41 in chips) 
Seat 4: Joe_Li7 ($102 in chips) 
Seat 5: RAidakCo ($105.86 in chips) 
Seat 6: BGS013 ($222.51 in chips) 
Joe_Li7: posts small blind $0.50
RAidakCo: posts big blind $1
*** HOLE CARDS ***
BGS013: folds 
antgouna: folds 
chelsea16730 leaves the table
Unipoker11: folds 
Joe_Li7: folds 
Uncalled bet ($0.50) returned to RAidakCo
RAidakCo collected $1 from pot
RAidakCo: doesn't show hand 
*** SUMMARY ***
Total pot $1 | Rake $0 
Seat 2: chelsea16730
Seat 1: antgouna folded before Flop (didn't bet)
Seat 3: Unipoker11 (button) folded before Flop (didn't bet)
Seat 4: Joe_Li7 (small blind) folded before Flop
Seat 5: RAidakCo (big blind) collected ($1)
Seat 6: BGS013 folded before Flop (didn't bet)



PokerStars Hand #254484686048:  Hold'em No Limit ($0.50/$1.00 USD) - 2025/01/21 15:37:08 WET [2025/01/21 10:37:08 ET]
Table 'Otero III' 6-max Seat #4 is the button
Seat 1: antgouna ($113.97 in chips) 
Seat 3: Unipoker11 ($106.41 in chips) 
Seat 4: Joe_Li7 ($101.50 in chips) 
Seat 5: RAidakCo ($106.36 in chips) 
Seat 6: BGS013 ($222.51 in chips) 
RAidakCo: posts small blind $0.50
BGS013: posts big blind $1
*** HOLE CARDS ***
antgouna: folds 
Unipoker11: folds 
Joe_Li7: folds 
RAidakCo: raises $2 to $3
BGS013: raises $6.50 to $9.50
RAidakCo: folds 
Uncalled bet ($6.50) returned to BGS013
BGS013 collected $6 from pot
BGS013: doesn't show hand 
*** SUMMARY ***
Total pot $6 | Rake $0 
Seat 1: antgouna folded before Flop (didn't bet)
Seat 3: Unipoker11 folded before Flop (didn't bet)
Seat 4: Joe_Li7 (button) folded before Flop (didn't bet)
Seat 5: RAidakCo (small blind) folded before Flop
Seat 6: BGS013 (big blind) collected ($6)



PokerStars Hand #254484691714:  Hold'em No Limit ($0.50/$1.00 USD) - 2025/01/21 15:37:35 WET [2025/01/21 10:37:35 ET]
Table 'Otero III' 6-max Seat #5 is the button
Seat 1: antgouna ($113.97 in chips) 
Seat 3: Unipoker11 ($106.41 in chips) 
Seat 4: Joe_Li7 ($101.50 in chips) 
Seat 5: RAidakCo ($103.36 in chips) 
Seat 6: BGS013 ($225.51 in chips) 
BGS013: posts small blind $0.50
antgouna: posts big blind $1
*** HOLE CARDS ***
Unipoker11: folds 
Joe_Li7: raises $1.20 to $2.20
RAidakCo: folds 
BGS013: folds 
antgouna: calls $1.20
*** FLOP *** [Ts 9s Qd]
antgouna: checks 
Joe_Li7: checks 
*** TURN *** [Ts 9s Qd] [3d]
antgouna: checks 
Joe_Li7: bets $1.17
antgouna: folds 
Uncalled bet ($1.17) returned to Joe_Li7
Joe_Li7 collected $4.66 from pot
*** SUMMARY ***
Total pot $4.90 | Rake $0.24 
Board [Ts 9s Qd 3d]
Seat 1: antgouna (big blind) folded on the Turn
Seat 3: Unipoker11 folded before Flop (didn't bet)
Seat 4: Joe_Li7 collected ($4.66)
Seat 5: RAidakCo (button) folded before Flop (didn't bet)
Seat 6: BGS013 (small blind) folded before Flop



PokerStars Hand #254484705827:  Hold'em No Limit ($0.50/$1.00 USD) - 2025/01/21 15:38:42 WET [2025/01/21 10:38:42 ET]
Table 'Otero III' 6-max Seat #6 is the button
Seat 1: antgouna ($111.77 in chips) 
Seat 3: Unipoker11 ($106.41 in chips) 
Seat 4: Joe_Li7 ($103.96 in chips) 
Seat 5: RAidakCo ($103.36 in chips) 
Seat 6: BGS013 ($225.01 in chips) 
antgouna: posts small blind $0.50
Unipoker11: posts big blind $1
*** HOLE CARDS ***
Joe_Li7: folds 
RAidakCo: folds 
BGS013: folds 
antgouna: folds 
Uncalled bet ($0.50) returned to Unipoker11
Unipoker11 collected $1 from pot
Unipoker11: doesn't show hand 
*** SUMMARY ***
Total pot $1 | Rake $0 
Seat 1: antgouna (small blind) folded before Flop
Seat 3: Unipoker11 (big blind) collected ($1)
Seat 4: Joe_Li7 folded before Flop (didn't bet)
Seat 5: RAidakCo folded before Flop (didn't bet)
Seat 6: BGS013 (button) folded before Flop (didn't bet)



PokerStars Hand #254484709174:  Hold'em No Limit ($0.50/$1.00 USD) - 2025/01/21 15:38:57 WET [2025/01/21 10:38:57 ET]
Table 'Otero III' 6-max Seat #1 is the button
Seat 4: Joe_Li7 ($103.96 in chips) is sitting out
Seat 1: antgouna ($111.27 in chips) 
Seat 3: Unipoker11 ($106.91 in chips) 
Seat 5: RAidakCo ($103.36 in chips) 
Seat 6: BGS013 ($225.01 in chips) 
Unipoker11: posts small blind $0.50
Joe_Li7: is sitting out 
RAidakCo: posts big blind $1
*** HOLE CARDS ***
Joe_Li7 leaves the table
BGS013: folds 
antgouna: folds 
Unipoker11: folds 
Uncalled bet ($0.50) returned to RAidakCo
RAidakCo collected $1 from pot
RAidakCo: doesn't show hand 
*** SUMMARY ***
Total pot $1 | Rake $0 
Seat 4: Joe_Li7
Seat 1: antgouna (button) folded before Flop (didn't bet)
Seat 3: Unipoker11 (small blind) folded before Flop
Seat 5: RAidakCo (big blind) collected ($1)
Seat 6: BGS013 folded before Flop (didn't bet)



PokerStars Hand #254484715267:  Hold'em No Limit ($0.50/$1.00 USD) - 2025/01/21 15:39:27 WET [2025/01/21 10:39:27 ET]
Table 'Otero III' 6-max Seat #3 is the button
Seat 6: BGS013 ($225.01 in chips) is sitting out
Seat 1: antgouna ($111.27 in chips) 
Seat 3: Unipoker11 ($106.41 in chips) 
Seat 5: RAidakCo ($103.86 in chips) 
RAidakCo: posts small blind $0.50
BGS013: is sitting out 
antgouna: posts big blind $1
*** HOLE CARDS ***
Unipoker11: raises $1.50 to $2.50
RAidakCo: folds 
BGS013 leaves the table
antgouna: folds 
Uncalled bet ($1.50) returned to Unipoker11
Unipoker11 collected $2.50 from pot
Unipoker11: doesn't show hand 
*** SUMMARY ***
Total pot $2.50 | Rake $0 
Seat 6: BGS013
Seat 1: antgouna (big blind) folded before Flop
Seat 3: Unipoker11 (button) collected ($2.50)
Seat 5: RAidakCo (small blind) folded before Flop



PokerStars Hand #254484718015:  Hold'em No Limit ($0.50/$1.00 USD) - 2025/01/21 15:39:40 WET [2025/01/21 10:39:40 ET]
Table 'Otero III' 6-max Seat #5 is the button
Seat 1: antgouna ($110.27 in chips) 
Seat 3: Unipoker11 ($107.91 in chips) 
Seat 5: RAidakCo ($103.36 in chips) 
antgouna: posts small blind $0.50
Unipoker11: posts big blind $1
*** HOLE CARDS ***
RAidakCo: raises $1.50 to $2.50
antgouna: folds 
Unipoker11: folds 
Uncalled bet ($1.50) returned to RAidakCo
RAidakCo collected $2.50 from pot
RAidakCo: doesn't show hand 
*** SUMMARY ***
Total pot $2.50 | Rake $0 
Seat 1: antgouna (small blind) folded before Flop
Seat 3: Unipoker11 (big blind) folded before Flop
Seat 5: RAidakCo (button) collected ($2.50)



PokerStars Hand #254484722748:  Hold'em No Limit ($0.50/$1.00 USD) - 2025/01/21 15:40:03 WET [2025/01/21 10:40:03 ET]
Table 'Otero III' 6-max Seat #1 is the button
Seat 1: antgouna ($109.77 in chips) 
Seat 3: Unipoker11 ($106.91 in chips) 
Seat 5: RAidakCo ($104.86 in chips) 
Unipoker11: posts small blind $0.50
RAidakCo: posts big blind $1
*** HOLE CARDS ***
antgouna: raises $1.30 to $2.30
Unipoker11: folds 
RAidakCo: folds 
Uncalled bet ($1.30) returned to antgouna
antgouna collected $2.50 from pot
antgouna: doesn't show hand 
*** SUMMARY ***
Total pot $2.50 | Rake $0 
Seat 1: antgouna (button) collected ($2.50)
Seat 3: Unipoker11 (small blind) folded before Flop
Seat 5: RAidakCo (big blind) folded before Flop



PokerStars Hand #254484726244:  Hold'em No Limit ($0.50/$1.00 USD) - 2025/01/21 15:40:19 WET [2025/01/21 10:40:19 ET]
Table 'Otero III' 6-max Seat #5 is the button
Seat 1: antgouna ($111.27 in chips) is sitting out
Seat 3: Unipoker11 ($106.41 in chips) 
Seat 5: RAidakCo ($103.86 in chips) 
RAidakCo: posts small blind $0.50
antgouna: is sitting out 
Unipoker11: posts big blind $1
*** HOLE CARDS ***
antgouna leaves the table
RAidakCo: raises $1.50 to $2.50
Unipoker11: calls $1.50
*** FLOP *** [9h 8d Td]
Unipoker11: checks 
RAidakCo: checks 
*** TURN *** [9h 8d Td] [5s]
Unipoker11: checks 
RAidakCo: checks 
*** RIVER *** [9h 8d Td 5s] [Jh]
Unipoker11: checks 
RAidakCo: checks 
*** SHOW DOWN ***
Unipoker11: shows [Qc 9d] (a straight, Eight to Queen)
RAidakCo: mucks hand 
Unipoker11 collected $4.75 from pot
*** SUMMARY ***
Total pot $5 | Rake $0.25 
Board [9h 8d Td 5s Jh]
Seat 1: antgouna
Seat 3: Unipoker11 (big blind) showed [Qc 9d] and won ($4.75) with a straight, Eight to Queen
Seat 5: RAidakCo (button) (small blind) mucked



PokerStars Hand #254484737063:  Hold'em No Limit ($0.50/$1.00 USD) - 2025/01/21 15:41:11 WET [2025/01/21 10:41:11 ET]
Table 'Otero III' 6-max Seat #3 is the button
Seat 3: Unipoker11 ($108.66 in chips) 
Seat 5: RAidakCo ($101.36 in chips) 
Unipoker11: posts small blind $0.50
RAidakCo: posts big blind $1
*** HOLE CARDS ***
Unipoker11: raises $1.50 to $2.50
RAidakCo: calls $1.50
*** FLOP *** [Jc 7d Js]
RAidakCo: checks 
Unipoker11: bets $1.19
RAidakCo: folds 
Uncalled bet ($1.19) returned to Unipoker11
Unipoker11 collected $4.75 from pot
Unipoker11: doesn't show hand 
*** SUMMARY ***
Total pot $5 | Rake $0.25 
Board [Jc 7d Js]
Seat 3: Unipoker11 (button) (small blind) collected ($4.75)
Seat 5: RAidakCo (big blind) folded on the Flop



