PokerStars Hand #254493061780:  Hold'em No Limit ($0.50/$1.00 USD) - 2025/01/21 0:35:05 WET [2025/01/21 19:35:05 ET]
Table 'Sharatan IV' 6-max Seat #5 is the button
Seat 1: nikalas22 ($100 in chips) is sitting out
Seat 5: BeauParleur ($100 in chips) 
Seat 6: blackclan7 ($103.70 in chips) 
BeauParleur: posts small blind $0.50
blackclan7: posts big blind $1
*** HOLE CARDS ***
S.Ovronnaz joins the table at seat #4 
S.Ovronnaz leaves the table
BeauParleur: folds 
Uncalled bet ($0.50) returned to blackclan7
blackclan7 collected $1 from pot
blackclan7: doesn't show hand 
*** SUMMARY ***
Total pot $1 | Rake $0 
Seat 1: nikalas22
Seat 5: BeauParleur (button) (small blind) folded before Flop
Seat 6: blackclan7 (big blind) collected ($1)



PokerStars Hand #254493064454:  Hold'em No Limit ($0.50/$1.00 USD) - 2025/01/21 0:35:19 WET [2025/01/21 19:35:19 ET]
Table 'Sharatan IV' 6-max Seat #6 is the button
Seat 1: nikalas22 ($100 in chips) is sitting out
Seat 5: BeauParleur ($100 in chips) 
Seat 6: blackclan7 ($104.20 in chips) 
blackclan7: posts small blind $0.50
BeauParleur: posts big blind $1
*** HOLE CARDS ***
blackclan7: raises $1 to $2
nikalas22 leaves the table
BeauParleur: folds 
Uncalled bet ($1) returned to blackclan7
blackclan7 collected $2 from pot
blackclan7: doesn't show hand 
nikalas22 joins the table at seat #3 
*** SUMMARY ***
Total pot $2 | Rake $0 
Seat 1: nikalas22
Seat 5: BeauParleur (big blind) folded before Flop
Seat 6: blackclan7 (button) (small blind) collected ($2)



PokerStars Hand #254493067826:  Hold'em No Limit ($0.50/$1.00 USD) - 2025/01/21 0:35:36 WET [2025/01/21 19:35:36 ET]
Table 'Sharatan IV' 6-max Seat #5 is the button
Seat 3: nikalas22 ($100 in chips) 
Seat 5: BeauParleur ($100 in chips) 
Seat 6: blackclan7 ($105.20 in chips) 
blackclan7: posts small blind $0.50
nikalas22: posts big blind $1
*** HOLE CARDS ***
BeauParleur has timed out
BeauParleur: folds 
BeauParleur leaves the table
blackclan7: raises $2 to $3
nikalas22: calls $2
*** FLOP *** [4d 5s Ac]
blackclan7: bets $1.88
nikalas22: calls $1.88
*** TURN *** [4d 5s Ac] [8s]
blackclan7: bets $6.95
nikalas22: folds 
Uncalled bet ($6.95) returned to blackclan7
blackclan7 collected $9.27 from pot
blackclan7: doesn't show hand 
*** SUMMARY ***
Total pot $9.76 | Rake $0.49 
Board [4d 5s Ac 8s]
Seat 3: nikalas22 (big blind) folded on the Turn
Seat 5: BeauParleur (button) folded before Flop (didn't bet)
Seat 6: blackclan7 (small blind) collected ($9.27)



PokerStars Hand #254493156828:  Hold'em No Limit ($0.50/$1.00 USD) - 2025/01/21 0:43:25 WET [2025/01/21 19:43:25 ET]
Table 'Sharatan IV' 6-max Seat #2 is the button
Seat 2: BrandonKelly99 ($24.68 in chips) 
Seat 3: nikalas22 ($100 in chips) 
Seat 4: MakoEv ($100 in chips) 
Seat 5: equilibrium_tv ($28 in chips) 
nikalas22: posts small blind $0.50
MakoEv: posts big blind $1
*** HOLE CARDS ***
equilibrium_tv: folds 
BrandonKelly99: calls $1
BoyLoc0 joins the table at seat #1 
nikalas22: folds 
blackclan7 joins the table at seat #6 
MakoEv: raises $3 to $4
BrandonKelly99: calls $3
*** FLOP *** [3h 8s Qd]
MakoEv: bets $2.42
BrandonKelly99: folds 
Uncalled bet ($2.42) returned to MakoEv
MakoEv collected $8.08 from pot
MakoEv: doesn't show hand 
*** SUMMARY ***
Total pot $8.50 | Rake $0.42 
Board [3h 8s Qd]
Seat 2: BrandonKelly99 (button) folded on the Flop
Seat 3: nikalas22 (small blind) folded before Flop
Seat 4: MakoEv (big blind) collected ($8.08)
Seat 5: equilibrium_tv folded before Flop (didn't bet)



PokerStars Hand #254493163660:  Hold'em No Limit ($0.50/$1.00 USD) - 2025/01/21 0:44:00 WET [2025/01/21 19:44:00 ET]
Table 'Sharatan IV' 6-max Seat #3 is the button
Seat 1: BoyLoc0 ($100 in chips) is sitting out
Seat 6: blackclan7 ($109.59 in chips) is sitting out
Seat 2: BrandonKelly99 ($20.68 in chips) 
Seat 3: nikalas22 ($100 in chips) 
Seat 4: MakoEv ($104.08 in chips) 
Seat 5: equilibrium_tv ($28 in chips) 
MakoEv: posts small blind $0.50
equilibrium_tv: posts big blind $1
blackclan7: sits out 
BoyLoc0: sits out 
*** HOLE CARDS ***
BrandonKelly99: folds 
nikalas22: folds 
MakoEv: folds 
Uncalled bet ($0.50) returned to equilibrium_tv
equilibrium_tv collected $1 from pot
*** SUMMARY ***
Total pot $1 | Rake $0 
Seat 1: BoyLoc0
Seat 6: blackclan7
Seat 2: BrandonKelly99 folded before Flop (didn't bet)
Seat 3: nikalas22 (button) folded before Flop (didn't bet)
Seat 4: MakoEv (small blind) folded before Flop
Seat 5: equilibrium_tv (big blind) collected ($1)



PokerStars Hand #254493168857:  Hold'em No Limit ($0.50/$1.00 USD) - 2025/01/21 0:44:28 WET [2025/01/21 19:44:28 ET]
Table 'Sharatan IV' 6-max Seat #4 is the button
Seat 1: BoyLoc0 ($100 in chips) is sitting out
Seat 2: BrandonKelly99 ($20.68 in chips) 
Seat 3: nikalas22 ($100 in chips) 
Seat 4: MakoEv ($103.58 in chips) 
Seat 5: equilibrium_tv ($28.50 in chips) 
Seat 6: blackclan7 ($109.59 in chips) 
equilibrium_tv: posts small blind $0.50
blackclan7: posts big blind $1
BoyLoc0: sits out 
*** HOLE CARDS ***
BrandonKelly99: raises $1 to $2
nikalas22: folds 
MakoEv: folds 
equilibrium_tv: folds 
blackclan7: folds 
Uncalled bet ($1) returned to BrandonKelly99
BrandonKelly99 collected $2.50 from pot
*** SUMMARY ***
Total pot $2.50 | Rake $0 
Seat 1: BoyLoc0
Seat 2: BrandonKelly99 collected ($2.50)
Seat 3: nikalas22 folded before Flop (didn't bet)
Seat 4: MakoEv (button) folded before Flop (didn't bet)
Seat 5: equilibrium_tv (small blind) folded before Flop
Seat 6: blackclan7 (big blind) folded before Flop



PokerStars Hand #254493173250:  Hold'em No Limit ($0.50/$1.00 USD) - 2025/01/21 0:44:51 WET [2025/01/21 19:44:51 ET]
Table 'Sharatan IV' 6-max Seat #5 is the button
Seat 1: BoyLoc0 ($100 in chips) 
Seat 2: BrandonKelly99 ($22.18 in chips) 
Seat 3: nikalas22 ($100 in chips) 
Seat 4: MakoEv ($103.58 in chips) 
Seat 5: equilibrium_tv ($28 in chips) 
Seat 6: blackclan7 ($108.59 in chips) 
blackclan7: posts small blind $0.50
BoyLoc0: posts big blind $1
*** HOLE CARDS ***
BrandonKelly99: folds 
nikalas22: raises $1.50 to $2.50
MakoEv: folds 
equilibrium_tv: calls $2.50
blackclan7: folds 
BoyLoc0: calls $1.50
*** FLOP *** [As 2d 5s]
BoyLoc0: checks 
nikalas22: checks 
equilibrium_tv: bets $1.90
BoyLoc0: folds 
nikalas22: calls $1.90
*** TURN *** [As 2d 5s] [5d]
nikalas22: checks 
equilibrium_tv: checks 
*** RIVER *** [As 2d 5s 5d] [6s]
nikalas22: checks 
equilibrium_tv: bets $8.41
nikalas22: folds 
Uncalled bet ($8.41) returned to equilibrium_tv
equilibrium_tv collected $11.21 from pot
*** SUMMARY ***
Total pot $11.80 | Rake $0.59 
Board [As 2d 5s 5d 6s]
Seat 1: BoyLoc0 (big blind) folded on the Flop
Seat 2: BrandonKelly99 folded before Flop (didn't bet)
Seat 3: nikalas22 folded on the River
Seat 4: MakoEv folded before Flop (didn't bet)
Seat 5: equilibrium_tv (button) collected ($11.21)
Seat 6: blackclan7 (small blind) folded before Flop



PokerStars Hand #254493192970:  Hold'em No Limit ($0.50/$1.00 USD) - 2025/01/21 0:46:38 WET [2025/01/21 19:46:38 ET]
Table 'Sharatan IV' 6-max Seat #6 is the button
Seat 1: BoyLoc0 ($100 in chips) 
Seat 2: BrandonKelly99 ($22.18 in chips) 
Seat 3: nikalas22 ($100 in chips) 
Seat 4: MakoEv ($103.58 in chips) 
Seat 5: equilibrium_tv ($34.81 in chips) 
Seat 6: blackclan7 ($108.09 in chips) 
BoyLoc0: posts small blind $0.50
BrandonKelly99: posts big blind $1
*** HOLE CARDS ***
nikalas22: folds 
MakoEv: raises $1.20 to $2.20
equilibrium_tv: folds 
blackclan7: folds 
BoyLoc0: folds 
BrandonKelly99: calls $1.20
*** FLOP *** [2d 9s Qh]
BrandonKelly99: checks 
MakoEv: checks 
*** TURN *** [2d 9s Qh] [8c]
BrandonKelly99: checks 
MakoEv: checks 
*** RIVER *** [2d 9s Qh 8c] [Kd]
BrandonKelly99: checks 
MakoEv: checks 
*** SHOW DOWN ***
BrandonKelly99: shows [8d Th] (a pair of Eights)
MakoEv: mucks hand 
BrandonKelly99 collected $4.66 from pot
*** SUMMARY ***
Total pot $4.90 | Rake $0.24 
Board [2d 9s Qh 8c Kd]
Seat 1: BoyLoc0 (small blind) folded before Flop
Seat 2: BrandonKelly99 (big blind) showed [8d Th] and won ($4.66) with a pair of Eights
Seat 3: nikalas22 folded before Flop (didn't bet)
Seat 4: MakoEv mucked
Seat 5: equilibrium_tv folded before Flop (didn't bet)
Seat 6: blackclan7 (button) folded before Flop (didn't bet)



PokerStars Hand #254493199918:  Hold'em No Limit ($0.50/$1.00 USD) - 2025/01/21 0:47:16 WET [2025/01/21 19:47:16 ET]
Table 'Sharatan IV' 6-max Seat #1 is the button
Seat 1: BoyLoc0 ($100 in chips) 
Seat 2: BrandonKelly99 ($24.64 in chips) 
Seat 3: nikalas22 ($100 in chips) 
Seat 4: MakoEv ($101.38 in chips) 
Seat 5: equilibrium_tv ($34.81 in chips) 
Seat 6: blackclan7 ($108.09 in chips) 
BrandonKelly99: posts small blind $0.50
nikalas22: posts big blind $1
*** HOLE CARDS ***
MakoEv: raises $1.20 to $2.20
equilibrium_tv: folds 
blackclan7: folds 
BoyLoc0: folds 
BrandonKelly99: folds 
nikalas22: folds 
Uncalled bet ($1.20) returned to MakoEv
MakoEv collected $2.50 from pot
MakoEv: doesn't show hand 
*** SUMMARY ***
Total pot $2.50 | Rake $0 
Seat 1: BoyLoc0 (button) folded before Flop (didn't bet)
Seat 2: BrandonKelly99 (small blind) folded before Flop
Seat 3: nikalas22 (big blind) folded before Flop
Seat 4: MakoEv collected ($2.50)
Seat 5: equilibrium_tv folded before Flop (didn't bet)
Seat 6: blackclan7 folded before Flop (didn't bet)



PokerStars Hand #254493206765:  Hold'em No Limit ($0.50/$1.00 USD) - 2025/01/21 0:47:53 WET [2025/01/21 19:47:53 ET]
Table 'Sharatan IV' 6-max Seat #2 is the button
Seat 1: BoyLoc0 ($100 in chips) 
Seat 2: BrandonKelly99 ($24.14 in chips) 
Seat 3: nikalas22 ($100 in chips) 
Seat 4: MakoEv ($102.88 in chips) 
Seat 5: equilibrium_tv ($34.81 in chips) 
Seat 6: blackclan7 ($108.09 in chips) 
nikalas22: posts small blind $0.50
MakoEv: posts big blind $1
*** HOLE CARDS ***
equilibrium_tv: folds 
blackclan7: folds 
BoyLoc0: folds 
BrandonKelly99: folds 
nikalas22: folds 
Uncalled bet ($0.50) returned to MakoEv
MakoEv collected $1 from pot
MakoEv: doesn't show hand 
*** SUMMARY ***
Total pot $1 | Rake $0 
Seat 1: BoyLoc0 folded before Flop (didn't bet)
Seat 2: BrandonKelly99 (button) folded before Flop (didn't bet)
Seat 3: nikalas22 (small blind) folded before Flop
Seat 4: MakoEv (big blind) collected ($1)
Seat 5: equilibrium_tv folded before Flop (didn't bet)
Seat 6: blackclan7 folded before Flop (didn't bet)



PokerStars Hand #254493212179:  Hold'em No Limit ($0.50/$1.00 USD) - 2025/01/21 0:48:23 WET [2025/01/21 19:48:23 ET]
Table 'Sharatan IV' 6-max Seat #3 is the button
Seat 1: BoyLoc0 ($100 in chips) 
Seat 2: BrandonKelly99 ($24.14 in chips) 
Seat 3: nikalas22 ($100 in chips) 
Seat 4: MakoEv ($103.38 in chips) 
Seat 5: equilibrium_tv ($34.81 in chips) 
Seat 6: blackclan7 ($108.09 in chips) 
MakoEv: posts small blind $0.50
equilibrium_tv: posts big blind $1
*** HOLE CARDS ***
blackclan7: raises $1 to $2
BoyLoc0: folds 
BrandonKelly99: folds 
nikalas22: folds 
MakoEv: folds 
equilibrium_tv: folds 
Uncalled bet ($1) returned to blackclan7
blackclan7 collected $2.50 from pot
blackclan7: doesn't show hand 
*** SUMMARY ***
Total pot $2.50 | Rake $0 
Seat 1: BoyLoc0 folded before Flop (didn't bet)
Seat 2: BrandonKelly99 folded before Flop (didn't bet)
Seat 3: nikalas22 (button) folded before Flop (didn't bet)
Seat 4: MakoEv (small blind) folded before Flop
Seat 5: equilibrium_tv (big blind) folded before Flop
Seat 6: blackclan7 collected ($2.50)



PokerStars Hand #254493215538:  Hold'em No Limit ($0.50/$1.00 USD) - 2025/01/21 0:48:42 WET [2025/01/21 19:48:42 ET]
Table 'Sharatan IV' 6-max Seat #4 is the button
Seat 1: BoyLoc0 ($100 in chips) 
Seat 2: BrandonKelly99 ($24.14 in chips) 
Seat 3: nikalas22 ($100 in chips) 
Seat 4: MakoEv ($102.88 in chips) 
Seat 5: equilibrium_tv ($33.81 in chips) 
Seat 6: blackclan7 ($109.59 in chips) 
equilibrium_tv: posts small blind $0.50
blackclan7: posts big blind $1
*** HOLE CARDS ***
BoyLoc0: folds 
BrandonKelly99: folds 
nikalas22: folds 
MakoEv: raises $1.50 to $2.50
equilibrium_tv: folds 
blackclan7: calls $1.50
*** FLOP *** [5s 7h 7d]
blackclan7: checks 
MakoEv: bets $1.12
blackclan7: calls $1.12
*** TURN *** [5s 7h 7d] [Jh]
blackclan7: checks 
MakoEv: checks 
*** RIVER *** [5s 7h 7d Jh] [2s]
blackclan7: bets $4.85
MakoEv: raises $14.79 to $19.64
blackclan7: folds 
Uncalled bet ($14.79) returned to MakoEv
MakoEv collected $16.57 from pot
MakoEv: doesn't show hand 
*** SUMMARY ***
Total pot $17.44 | Rake $0.87 
Board [5s 7h 7d Jh 2s]
Seat 1: BoyLoc0 folded before Flop (didn't bet)
Seat 2: BrandonKelly99 folded before Flop (didn't bet)
Seat 3: nikalas22 folded before Flop (didn't bet)
Seat 4: MakoEv (button) collected ($16.57)
Seat 5: equilibrium_tv (small blind) folded before Flop
Seat 6: blackclan7 (big blind) folded on the River



PokerStars Hand #254493234533:  Hold'em No Limit ($0.50/$1.00 USD) - 2025/01/21 0:50:26 WET [2025/01/21 19:50:26 ET]
Table 'Sharatan IV' 6-max Seat #5 is the button
Seat 1: BoyLoc0 ($100 in chips) 
Seat 2: BrandonKelly99 ($24.14 in chips) 
Seat 3: nikalas22 ($100 in chips) 
Seat 4: MakoEv ($110.98 in chips) 
Seat 5: equilibrium_tv ($33.31 in chips) 
Seat 6: blackclan7 ($101.12 in chips) 
blackclan7: posts small blind $0.50
BoyLoc0: posts big blind $1
*** HOLE CARDS ***
BrandonKelly99: raises $2 to $3
nikalas22: folds 
MakoEv: folds 
equilibrium_tv: folds 
blackclan7: calls $2.50
BoyLoc0: folds 
*** FLOP *** [Td Kd Ac]
blackclan7: checks 
BrandonKelly99: checks 
*** TURN *** [Td Kd Ac] [2s]
blackclan7: checks 
BrandonKelly99: checks 
*** RIVER *** [Td Kd Ac 2s] [8d]
blackclan7: checks 
BrandonKelly99: bets $6.65
blackclan7: folds 
Uncalled bet ($6.65) returned to BrandonKelly99
BrandonKelly99 collected $6.65 from pot
*** SUMMARY ***
Total pot $7 | Rake $0.35 
Board [Td Kd Ac 2s 8d]
Seat 1: BoyLoc0 (big blind) folded before Flop
Seat 2: BrandonKelly99 collected ($6.65)
Seat 3: nikalas22 folded before Flop (didn't bet)
Seat 4: MakoEv folded before Flop (didn't bet)
Seat 5: equilibrium_tv (button) folded before Flop (didn't bet)
Seat 6: blackclan7 (small blind) folded on the River



PokerStars Hand #254493250441:  Hold'em No Limit ($0.50/$1.00 USD) - 2025/01/21 0:51:53 WET [2025/01/21 19:51:53 ET]
Table 'Sharatan IV' 6-max Seat #6 is the button
Seat 1: BoyLoc0 ($100 in chips) 
Seat 2: BrandonKelly99 ($27.79 in chips) 
Seat 3: nikalas22 ($100 in chips) 
Seat 4: MakoEv ($110.98 in chips) 
Seat 5: equilibrium_tv ($33.31 in chips) 
Seat 6: blackclan7 ($100 in chips) 
BoyLoc0: posts small blind $0.50
BrandonKelly99: posts big blind $1
*** HOLE CARDS ***
nikalas22: folds 
MakoEv: folds 
equilibrium_tv: folds 
blackclan7: raises $1.50 to $2.50
BoyLoc0: raises $7.50 to $10
BrandonKelly99: folds 
blackclan7: folds 
Uncalled bet ($7.50) returned to BoyLoc0
BoyLoc0 collected $6 from pot
BoyLoc0: doesn't show hand 
*** SUMMARY ***
Total pot $6 | Rake $0 
Seat 1: BoyLoc0 (small blind) collected ($6)
Seat 2: BrandonKelly99 (big blind) folded before Flop
Seat 3: nikalas22 folded before Flop (didn't bet)
Seat 4: MakoEv folded before Flop (didn't bet)
Seat 5: equilibrium_tv folded before Flop (didn't bet)
Seat 6: blackclan7 (button) folded before Flop



PokerStars Hand #254493256568:  Hold'em No Limit ($0.50/$1.00 USD) - 2025/01/21 0:52:27 WET [2025/01/21 19:52:27 ET]
Table 'Sharatan IV' 6-max Seat #1 is the button
Seat 1: BoyLoc0 ($103.50 in chips) 
Seat 2: BrandonKelly99 ($26.79 in chips) 
Seat 3: nikalas22 ($100 in chips) 
Seat 4: MakoEv ($110.98 in chips) 
Seat 5: equilibrium_tv ($33.31 in chips) 
Seat 6: blackclan7 ($100 in chips) 
BrandonKelly99: posts small blind $0.50
nikalas22: posts big blind $1
*** HOLE CARDS ***
MakoEv: folds 
equilibrium_tv: folds 
blackclan7: raises $1.30 to $2.30
BoyLoc0: folds 
BrandonKelly99: folds 
nikalas22: folds 
Uncalled bet ($1.30) returned to blackclan7
blackclan7 collected $2.50 from pot
blackclan7: doesn't show hand 
*** SUMMARY ***
Total pot $2.50 | Rake $0 
Seat 1: BoyLoc0 (button) folded before Flop (didn't bet)
Seat 2: BrandonKelly99 (small blind) folded before Flop
Seat 3: nikalas22 (big blind) folded before Flop
Seat 4: MakoEv folded before Flop (didn't bet)
Seat 5: equilibrium_tv folded before Flop (didn't bet)
Seat 6: blackclan7 collected ($2.50)



PokerStars Hand #254493261508:  Hold'em No Limit ($0.50/$1.00 USD) - 2025/01/21 0:52:54 WET [2025/01/21 19:52:54 ET]
Table 'Sharatan IV' 6-max Seat #2 is the button
Seat 1: BoyLoc0 ($103.50 in chips) 
Seat 2: BrandonKelly99 ($26.29 in chips) 
Seat 3: nikalas22 ($100 in chips) 
Seat 4: MakoEv ($110.98 in chips) 
Seat 5: equilibrium_tv ($33.31 in chips) 
Seat 6: blackclan7 ($101.50 in chips) 
nikalas22: posts small blind $0.50
MakoEv: posts big blind $1
*** HOLE CARDS ***
equilibrium_tv: folds 
blackclan7: folds 
BoyLoc0: folds 
BrandonKelly99: calls $1
nikalas22: raises $3 to $4
MakoEv: folds 
BrandonKelly99: calls $3
*** FLOP *** [Ac Tc 5c]
nikalas22: checks 
BrandonKelly99: checks 
*** TURN *** [Ac Tc 5c] [9s]
nikalas22: bets $2.57
BrandonKelly99: folds 
Uncalled bet ($2.57) returned to nikalas22
nikalas22 collected $8.55 from pot
nikalas22: doesn't show hand 
*** SUMMARY ***
Total pot $9 | Rake $0.45 
Board [Ac Tc 5c 9s]
Seat 1: BoyLoc0 folded before Flop (didn't bet)
Seat 2: BrandonKelly99 (button) folded on the Turn
Seat 3: nikalas22 (small blind) collected ($8.55)
Seat 4: MakoEv (big blind) folded before Flop
Seat 5: equilibrium_tv folded before Flop (didn't bet)
Seat 6: blackclan7 folded before Flop (didn't bet)



PokerStars Hand #254493267671:  Hold'em No Limit ($0.50/$1.00 USD) - 2025/01/21 0:53:28 WET [2025/01/21 19:53:28 ET]
Table 'Sharatan IV' 6-max Seat #3 is the button
Seat 1: BoyLoc0 ($103.50 in chips) 
Seat 2: BrandonKelly99 ($22.29 in chips) 
Seat 3: nikalas22 ($104.55 in chips) 
Seat 4: MakoEv ($109.98 in chips) 
Seat 5: equilibrium_tv ($33.31 in chips) 
Seat 6: blackclan7 ($101.50 in chips) 
MakoEv: posts small blind $0.50
equilibrium_tv: posts big blind $1
*** HOLE CARDS ***
blackclan7: folds 
BoyLoc0: folds 
BrandonKelly99: folds 
nikalas22: folds 
MakoEv: raises $2 to $3
equilibrium_tv: folds 
Uncalled bet ($2) returned to MakoEv
MakoEv collected $2 from pot
MakoEv: doesn't show hand 
*** SUMMARY ***
Total pot $2 | Rake $0 
Seat 1: BoyLoc0 folded before Flop (didn't bet)
Seat 2: BrandonKelly99 folded before Flop (didn't bet)
Seat 3: nikalas22 (button) folded before Flop (didn't bet)
Seat 4: MakoEv (small blind) collected ($2)
Seat 5: equilibrium_tv (big blind) folded before Flop
Seat 6: blackclan7 folded before Flop (didn't bet)



PokerStars Hand #254493271297:  Hold'em No Limit ($0.50/$1.00 USD) - 2025/01/21 0:53:48 WET [2025/01/21 19:53:48 ET]
Table 'Sharatan IV' 6-max Seat #4 is the button
Seat 1: BoyLoc0 ($103.50 in chips) 
Seat 2: BrandonKelly99 ($22.29 in chips) 
Seat 3: nikalas22 ($104.55 in chips) 
Seat 4: MakoEv ($110.98 in chips) 
Seat 5: equilibrium_tv ($32.31 in chips) 
Seat 6: blackclan7 ($101.50 in chips) 
equilibrium_tv: posts small blind $0.50
blackclan7: posts big blind $1
*** HOLE CARDS ***
BoyLoc0: folds 
BrandonKelly99: raises $3 to $4
nikalas22: folds 
MakoEv: folds 
equilibrium_tv: folds 
blackclan7: calls $3
*** FLOP *** [8c 4c Ad]
blackclan7: checks 
BrandonKelly99: bets $18.29 and is all-in
blackclan7: folds 
Uncalled bet ($18.29) returned to BrandonKelly99
BrandonKelly99 collected $8.08 from pot
*** SUMMARY ***
Total pot $8.50 | Rake $0.42 
Board [8c 4c Ad]
Seat 1: BoyLoc0 folded before Flop (didn't bet)
Seat 2: BrandonKelly99 collected ($8.08)
Seat 3: nikalas22 folded before Flop (didn't bet)
Seat 4: MakoEv (button) folded before Flop (didn't bet)
Seat 5: equilibrium_tv (small blind) folded before Flop
Seat 6: blackclan7 (big blind) folded on the Flop



PokerStars Hand #254493278592:  Hold'em No Limit ($0.50/$1.00 USD) - 2025/01/21 0:54:28 WET [2025/01/21 19:54:28 ET]
Table 'Sharatan IV' 6-max Seat #5 is the button
Seat 1: BoyLoc0 ($103.50 in chips) 
Seat 2: BrandonKelly99 ($26.37 in chips) 
Seat 3: nikalas22 ($104.55 in chips) 
Seat 4: MakoEv ($110.98 in chips) 
Seat 5: equilibrium_tv ($31.81 in chips) 
Seat 6: blackclan7 ($100 in chips) 
blackclan7: posts small blind $0.50
BoyLoc0: posts big blind $1
*** HOLE CARDS ***
BrandonKelly99: folds 
BrandonKelly99 leaves the table
nikalas22: folds 
MakoEv: raises $1.50 to $2.50
equilibrium_tv: folds 
blackclan7: folds 
BoyLoc0: folds 
Uncalled bet ($1.50) returned to MakoEv
MakoEv collected $2.50 from pot
MakoEv: doesn't show hand 
*** SUMMARY ***
Total pot $2.50 | Rake $0 
Seat 1: BoyLoc0 (big blind) folded before Flop
Seat 2: BrandonKelly99 folded before Flop (didn't bet)
Seat 3: nikalas22 folded before Flop (didn't bet)
Seat 4: MakoEv collected ($2.50)
Seat 5: equilibrium_tv (button) folded before Flop (didn't bet)
Seat 6: blackclan7 (small blind) folded before Flop



PokerStars Hand #254493282393:  Hold'em No Limit ($0.50/$1.00 USD) - 2025/01/21 0:54:49 WET [2025/01/21 19:54:49 ET]
Table 'Sharatan IV' 6-max Seat #6 is the button
Seat 1: BoyLoc0 ($102.50 in chips) 
Seat 3: nikalas22 ($104.55 in chips) 
Seat 4: MakoEv ($112.48 in chips) 
Seat 5: equilibrium_tv ($31.81 in chips) 
Seat 6: blackclan7 ($100 in chips) 
BoyLoc0: posts small blind $0.50
nikalas22: posts big blind $1
*** HOLE CARDS ***
MakoEv: folds 
equilibrium_tv: folds 
blackclan7: raises $1.50 to $2.50
BoyLoc0: folds 
nikalas22: calls $1.50
*** FLOP *** [4h Qs 5s]
nikalas22: checks 
blackclan7: checks 
*** TURN *** [4h Qs 5s] [Th]
nikalas22: checks 
blackclan7: bets $3.45
BoyLoc0 leaves the table
nikalas22: folds 
Uncalled bet ($3.45) returned to blackclan7
blackclan7 collected $5.22 from pot
blackclan7: doesn't show hand 
*** SUMMARY ***
Total pot $5.50 | Rake $0.28 
Board [4h Qs 5s Th]
Seat 1: BoyLoc0 (small blind) folded before Flop
Seat 3: nikalas22 (big blind) folded on the Turn
Seat 4: MakoEv folded before Flop (didn't bet)
Seat 5: equilibrium_tv folded before Flop (didn't bet)
Seat 6: blackclan7 (button) collected ($5.22)



