PokerStars Hand #254480551805:  Hold'em No Limit ($0.50/$1.00 USD) - 2025/01/21 5:30:05 WET [2025/01/21 0:30:05 ET]
Table 'Achernar III' 6-max Seat #5 is the button
Seat 1: blistein ($100 in chips) 
Seat 4: Kreayshawn ($100 in chips) 
Seat 5: fobot21 ($100 in chips) 
Seat 6: timatim1986 ($10 in chips) 
timatim1986: posts small blind $0.50
blistein: posts big blind $1
*** HOLE CARDS ***
Kreayshawn: folds 
fobot21: folds 
timatim1986: folds 
Uncalled bet ($0.50) returned to blistein
blistein collected $1 from pot
blistein: doesn't show hand 
*** SUMMARY ***
Total pot $1 | Rake $0 
Seat 1: blistein (big blind) collected ($1)
Seat 4: Kreayshawn folded before Flop (didn't bet)
Seat 5: fobot21 (button) folded before Flop (didn't bet)
Seat 6: timatim1986 (small blind) folded before Flop



PokerStars Hand #254480552564:  Hold'em No Limit ($0.50/$1.00 USD) - 2025/01/21 5:30:15 WET [2025/01/21 0:30:15 ET]
Table 'Achernar III' 6-max Seat #6 is the button
Seat 1: blistein ($100.50 in chips) 
Seat 4: Kreayshawn ($100 in chips) 
Seat 5: fobot21 ($100 in chips) 
Seat 6: timatim1986 ($9.50 in chips) 
blistein: posts small blind $0.50
Kreayshawn: posts big blind $1
*** HOLE CARDS ***
fobot21: folds 
timatim1986: raises $2 to $3
blistein: folds 
Kreayshawn: folds 
Uncalled bet ($2) returned to timatim1986
timatim1986 collected $2.50 from pot
*** SUMMARY ***
Total pot $2.50 | Rake $0 
Seat 1: blistein (small blind) folded before Flop
Seat 4: Kreayshawn (big blind) folded before Flop
Seat 5: fobot21 folded before Flop (didn't bet)
Seat 6: timatim1986 (button) collected ($2.50)



PokerStars Hand #254480553290:  Hold'em No Limit ($0.50/$1.00 USD) - 2025/01/21 5:30:24 WET [2025/01/21 0:30:24 ET]
Table 'Achernar III' 6-max Seat #1 is the button
Seat 1: blistein ($100 in chips) 
Seat 4: Kreayshawn ($100 in chips) 
Seat 5: fobot21 ($100 in chips) 
Seat 6: timatim1986 ($11 in chips) 
Kreayshawn: posts small blind $0.50
fobot21: posts big blind $1
*** HOLE CARDS ***
B1GBankroll joins the table at seat #2 
timatim1986: folds 
blistein: folds 
Kreayshawn: folds 
Uncalled bet ($0.50) returned to fobot21
fobot21 collected $1 from pot
fobot21: doesn't show hand 
*** SUMMARY ***
Total pot $1 | Rake $0 
Seat 1: blistein (button) folded before Flop (didn't bet)
Seat 4: Kreayshawn (small blind) folded before Flop
Seat 5: fobot21 (big blind) collected ($1)
Seat 6: timatim1986 folded before Flop (didn't bet)



PokerStars Hand #254480553995:  Hold'em No Limit ($0.50/$1.00 USD) - 2025/01/21 5:30:33 WET [2025/01/21 0:30:33 ET]
Table 'Achernar III' 6-max Seat #4 is the button
Seat 2: B1GBankroll ($100 in chips) is sitting out
Seat 1: blistein ($100 in chips) 
Seat 4: Kreayshawn ($100 in chips) 
Seat 5: fobot21 ($100.50 in chips) 
Seat 6: timatim1986 ($11 in chips) 
fobot21: posts small blind $0.50
timatim1986: posts big blind $1
B1GBankroll: sits out 
*** HOLE CARDS ***
blistein: folds 
Kreayshawn: folds 
fobot21: folds 
Uncalled bet ($0.50) returned to timatim1986
timatim1986 collected $1 from pot
*** SUMMARY ***
Total pot $1 | Rake $0 
Seat 2: B1GBankroll
Seat 1: blistein folded before Flop (didn't bet)
Seat 4: Kreayshawn (button) folded before Flop (didn't bet)
Seat 5: fobot21 (small blind) folded before Flop
Seat 6: timatim1986 (big blind) collected ($1)



PokerStars Hand #254480555882:  Hold'em No Limit ($0.50/$1.00 USD) - 2025/01/21 5:30:58 WET [2025/01/21 0:30:58 ET]
Table 'Achernar III' 6-max Seat #5 is the button
Seat 2: B1GBankroll ($100 in chips) is sitting out
Seat 1: blistein ($100 in chips) 
Seat 4: Kreayshawn ($100 in chips) 
Seat 5: fobot21 ($100 in chips) 
Seat 6: timatim1986 ($11.50 in chips) 
timatim1986: posts small blind $0.50
blistein: posts big blind $1
B1GBankroll: sits out 
*** HOLE CARDS ***
Kreayshawn: folds 
7bekon7 joins the table at seat #3 
fobot21: folds 
timatim1986: calls $0.50
blistein: checks 
*** FLOP *** [4s Jc Ks]
timatim1986: bets $2
blistein: folds 
Uncalled bet ($2) returned to timatim1986
timatim1986 collected $1.90 from pot
*** SUMMARY ***
Total pot $2 | Rake $0.10 
Board [4s Jc Ks]
Seat 2: B1GBankroll
Seat 1: blistein (big blind) folded on the Flop
Seat 4: Kreayshawn folded before Flop (didn't bet)
Seat 5: fobot21 (button) folded before Flop (didn't bet)
Seat 6: timatim1986 (small blind) collected ($1.90)



PokerStars Hand #254480558156:  Hold'em No Limit ($0.50/$1.00 USD) - 2025/01/21 5:31:28 WET [2025/01/21 0:31:28 ET]
Table 'Achernar III' 6-max Seat #6 is the button
Seat 3: 7bekon7 ($100 in chips) is sitting out
Seat 1: blistein ($100 in chips) 
Seat 2: B1GBankroll ($100 in chips) 
Seat 4: Kreayshawn ($100 in chips) 
Seat 5: fobot21 ($100 in chips) 
Seat 6: timatim1986 ($12.40 in chips) 
blistein: posts small blind $0.50
B1GBankroll: posts big blind $1
7bekon7: sits out 
*** HOLE CARDS ***
Kreayshawn: folds 
fobot21: raises $1.50 to $2.50
timatim1986: folds 
blistein: folds 
B1GBankroll: folds 
Uncalled bet ($1.50) returned to fobot21
fobot21 collected $2.50 from pot
fobot21: doesn't show hand 
*** SUMMARY ***
Total pot $2.50 | Rake $0 
Seat 3: 7bekon7
Seat 1: blistein (small blind) folded before Flop
Seat 2: B1GBankroll (big blind) folded before Flop
Seat 4: Kreayshawn folded before Flop (didn't bet)
Seat 5: fobot21 collected ($2.50)
Seat 6: timatim1986 (button) folded before Flop (didn't bet)



PokerStars Hand #254480559237:  Hold'em No Limit ($0.50/$1.00 USD) - 2025/01/21 5:31:42 WET [2025/01/21 0:31:42 ET]
Table 'Achernar III' 6-max Seat #1 is the button
Seat 1: blistein ($100 in chips) 
Seat 2: B1GBankroll ($100 in chips) 
Seat 3: 7bekon7 ($100 in chips) 
Seat 4: Kreayshawn ($100 in chips) 
Seat 5: fobot21 ($101.50 in chips) 
Seat 6: timatim1986 ($12.40 in chips) 
B1GBankroll: posts small blind $0.50
7bekon7: posts big blind $1
*** HOLE CARDS ***
Kreayshawn: folds 
fobot21: folds 
timatim1986: folds 
blistein: folds 
B1GBankroll: folds 
Uncalled bet ($0.50) returned to 7bekon7
7bekon7 collected $1 from pot
7bekon7: doesn't show hand 
*** SUMMARY ***
Total pot $1 | Rake $0 
Seat 1: blistein (button) folded before Flop (didn't bet)
Seat 2: B1GBankroll (small blind) folded before Flop
Seat 3: 7bekon7 (big blind) collected ($1)
Seat 4: Kreayshawn folded before Flop (didn't bet)
Seat 5: fobot21 folded before Flop (didn't bet)
Seat 6: timatim1986 folded before Flop (didn't bet)



PokerStars Hand #254480559908:  Hold'em No Limit ($0.50/$1.00 USD) - 2025/01/21 5:31:51 WET [2025/01/21 0:31:51 ET]
Table 'Achernar III' 6-max Seat #2 is the button
Seat 1: blistein ($100 in chips) 
Seat 2: B1GBankroll ($100 in chips) 
Seat 3: 7bekon7 ($100.50 in chips) 
Seat 4: Kreayshawn ($100 in chips) 
Seat 5: fobot21 ($101.50 in chips) 
Seat 6: timatim1986 ($12.40 in chips) 
7bekon7: posts small blind $0.50
Kreayshawn: posts big blind $1
*** HOLE CARDS ***
fobot21: folds 
timatim1986: folds 
blistein: folds 
B1GBankroll: raises $1.50 to $2.50
7bekon7: folds 
Kreayshawn: folds 
Uncalled bet ($1.50) returned to B1GBankroll
B1GBankroll collected $2.50 from pot
B1GBankroll: doesn't show hand 
*** SUMMARY ***
Total pot $2.50 | Rake $0 
Seat 1: blistein folded before Flop (didn't bet)
Seat 2: B1GBankroll (button) collected ($2.50)
Seat 3: 7bekon7 (small blind) folded before Flop
Seat 4: Kreayshawn (big blind) folded before Flop
Seat 5: fobot21 folded before Flop (didn't bet)
Seat 6: timatim1986 folded before Flop (didn't bet)



PokerStars Hand #254480560717:  Hold'em No Limit ($0.50/$1.00 USD) - 2025/01/21 5:32:01 WET [2025/01/21 0:32:01 ET]
Table 'Achernar III' 6-max Seat #3 is the button
Seat 1: blistein ($100 in chips) 
Seat 2: B1GBankroll ($101.50 in chips) 
Seat 3: 7bekon7 ($100 in chips) 
Seat 4: Kreayshawn ($100 in chips) 
Seat 5: fobot21 ($101.50 in chips) 
Seat 6: timatim1986 ($12.40 in chips) 
Kreayshawn: posts small blind $0.50
fobot21: posts big blind $1
*** HOLE CARDS ***
timatim1986: folds 
blistein: folds 
B1GBankroll: raises $1.50 to $2.50
7bekon7: folds 
Kreayshawn: folds 
fobot21: folds 
Uncalled bet ($1.50) returned to B1GBankroll
B1GBankroll collected $2.50 from pot
B1GBankroll: doesn't show hand 
*** SUMMARY ***
Total pot $2.50 | Rake $0 
Seat 1: blistein folded before Flop (didn't bet)
Seat 2: B1GBankroll collected ($2.50)
Seat 3: 7bekon7 (button) folded before Flop (didn't bet)
Seat 4: Kreayshawn (small blind) folded before Flop
Seat 5: fobot21 (big blind) folded before Flop
Seat 6: timatim1986 folded before Flop (didn't bet)



PokerStars Hand #254480562702:  Hold'em No Limit ($0.50/$1.00 USD) - 2025/01/21 5:32:27 WET [2025/01/21 0:32:27 ET]
Table 'Achernar III' 6-max Seat #4 is the button
Seat 1: blistein ($100 in chips) 
Seat 2: B1GBankroll ($103 in chips) 
Seat 3: 7bekon7 ($100 in chips) 
Seat 4: Kreayshawn ($100 in chips) 
Seat 5: fobot21 ($100.50 in chips) 
Seat 6: timatim1986 ($12.40 in chips) 
fobot21: posts small blind $0.50
timatim1986: posts big blind $1
*** HOLE CARDS ***
blistein: folds 
B1GBankroll: folds 
7bekon7: folds 
Kreayshawn: raises $1.50 to $2.50
fobot21: folds 
timatim1986: raises $4.50 to $7
Kreayshawn: raises $4.50 to $11.50
timatim1986: raises $0.90 to $12.40 and is all-in
Kreayshawn: calls $0.90
*** FLOP *** [6d Kd 9c]
*** TURN *** [6d Kd 9c] [2c]
*** RIVER *** [6d Kd 9c 2c] [3d]
*** SHOW DOWN ***
timatim1986: shows [As Jd] (high card Ace)
Kreayshawn: shows [Ah 6s] (a pair of Sixes)
Kreayshawn collected $24.04 from pot
*** SUMMARY ***
Total pot $25.30 | Rake $1.26 
Board [6d Kd 9c 2c 3d]
Seat 1: blistein folded before Flop (didn't bet)
Seat 2: B1GBankroll folded before Flop (didn't bet)
Seat 3: 7bekon7 folded before Flop (didn't bet)
Seat 4: Kreayshawn (button) showed [Ah 6s] and won ($24.04) with a pair of Sixes
Seat 5: fobot21 (small blind) folded before Flop
Seat 6: timatim1986 (big blind) showed [As Jd] and lost with high card Ace



PokerStars Hand #254480566086:  Hold'em No Limit ($0.50/$1.00 USD) - 2025/01/21 5:33:12 WET [2025/01/21 0:33:12 ET]
Table 'Achernar III' 6-max Seat #5 is the button
Seat 6: timatim1986 ($0 in chips) is sitting out
Seat 1: blistein ($100 in chips) 
Seat 2: B1GBankroll ($103 in chips) 
Seat 3: 7bekon7 ($100 in chips) 
Seat 4: Kreayshawn ($111.64 in chips) 
Seat 5: fobot21 ($100 in chips) 
blistein: posts small blind $0.50
B1GBankroll: posts big blind $1
*** HOLE CARDS ***
7bekon7: folds 
Kreayshawn: folds 
fobot21: folds 
blistein: folds 
Uncalled bet ($0.50) returned to B1GBankroll
B1GBankroll collected $1 from pot
B1GBankroll: doesn't show hand 
*** SUMMARY ***
Total pot $1 | Rake $0 
Seat 6: timatim1986
Seat 1: blistein (small blind) folded before Flop
Seat 2: B1GBankroll (big blind) collected ($1)
Seat 3: 7bekon7 folded before Flop (didn't bet)
Seat 4: Kreayshawn folded before Flop (didn't bet)
Seat 5: fobot21 (button) folded before Flop (didn't bet)



PokerStars Hand #254480567286:  Hold'em No Limit ($0.50/$1.00 USD) - 2025/01/21 5:33:27 WET [2025/01/21 0:33:27 ET]
Table 'Achernar III' 6-max Seat #1 is the button
Seat 1: blistein ($100 in chips) 
Seat 2: B1GBankroll ($103.50 in chips) 
Seat 3: 7bekon7 ($100 in chips) 
Seat 4: Kreayshawn ($111.64 in chips) 
Seat 5: fobot21 ($100 in chips) 
Seat 6: timatim1986 ($10 in chips) 
B1GBankroll: posts small blind $0.50
7bekon7: posts big blind $1
timatim1986: posts small blind $0.50
*** HOLE CARDS ***
Kreayshawn: folds 
fobot21: folds 
timatim1986: raises $1 to $2
blistein: folds 
B1GBankroll: raises $8.50 to $10.50
7bekon7: folds 
timatim1986: calls $7.50 and is all-in
Uncalled bet ($1) returned to B1GBankroll
*** FLOP *** [9d Kc Jd]
*** TURN *** [9d Kc Jd] [Qd]
*** RIVER *** [9d Kc Jd Qd] [Js]
*** SHOW DOWN ***
B1GBankroll: shows [Ks Th] (a straight, Nine to King)
timatim1986: shows [5d Ad] (a flush, Ace high)
timatim1986 collected $19.48 from pot
*** SUMMARY ***
Total pot $20.50 | Rake $1.02 
Board [9d Kc Jd Qd Js]
Seat 1: blistein (button) folded before Flop (didn't bet)
Seat 2: B1GBankroll (small blind) showed [Ks Th] and lost with a straight, Nine to King
Seat 3: 7bekon7 (big blind) folded before Flop
Seat 4: Kreayshawn folded before Flop (didn't bet)
Seat 5: fobot21 folded before Flop (didn't bet)
Seat 6: timatim1986 showed [5d Ad] and won ($19.48) with a flush, Ace high



PokerStars Hand #254480570680:  Hold'em No Limit ($0.50/$1.00 USD) - 2025/01/21 5:34:12 WET [2025/01/21 0:34:12 ET]
Table 'Achernar III' 6-max Seat #2 is the button
Seat 1: blistein ($100 in chips) 
Seat 2: B1GBankroll ($100 in chips) 
Seat 3: 7bekon7 ($100 in chips) 
Seat 4: Kreayshawn ($111.64 in chips) 
Seat 5: fobot21 ($100 in chips) 
Seat 6: timatim1986 ($19.48 in chips) 
7bekon7: posts small blind $0.50
Kreayshawn: posts big blind $1
*** HOLE CARDS ***
fobot21: raises $1 to $2
timatim1986: raises $3 to $5
blistein: folds 
B1GBankroll: folds 
7bekon7: folds 
Kreayshawn: folds 
fobot21: folds 
Uncalled bet ($3) returned to timatim1986
timatim1986 collected $5.50 from pot
*** SUMMARY ***
Total pot $5.50 | Rake $0 
Seat 1: blistein folded before Flop (didn't bet)
Seat 2: B1GBankroll (button) folded before Flop (didn't bet)
Seat 3: 7bekon7 (small blind) folded before Flop
Seat 4: Kreayshawn (big blind) folded before Flop
Seat 5: fobot21 folded before Flop
Seat 6: timatim1986 collected ($5.50)



PokerStars Hand #254480572651:  Hold'em No Limit ($0.50/$1.00 USD) - 2025/01/21 5:34:37 WET [2025/01/21 0:34:37 ET]
Table 'Achernar III' 6-max Seat #3 is the button
Seat 1: blistein ($100 in chips) 
Seat 2: B1GBankroll ($100 in chips) 
Seat 3: 7bekon7 ($100 in chips) 
Seat 4: Kreayshawn ($110.64 in chips) 
Seat 5: fobot21 ($100 in chips) 
Seat 6: timatim1986 ($22.98 in chips) 
Kreayshawn: posts small blind $0.50
fobot21: posts big blind $1
*** HOLE CARDS ***
timatim1986: folds 
blistein: folds 
B1GBankroll: folds 
7bekon7: folds 
Kreayshawn: raises $2 to $3
fobot21: calls $2
*** FLOP *** [8c 4d As]
Kreayshawn: bets $1.88
fobot21: calls $1.88
*** TURN *** [8c 4d As] [7h]
Kreayshawn: bets $4.73
fobot21: raises $11.77 to $16.50
Kreayshawn: folds 
Uncalled bet ($11.77) returned to fobot21
fobot21 collected $18.26 from pot
fobot21: doesn't show hand 
*** SUMMARY ***
Total pot $19.22 | Rake $0.96 
Board [8c 4d As 7h]
Seat 1: blistein folded before Flop (didn't bet)
Seat 2: B1GBankroll folded before Flop (didn't bet)
Seat 3: 7bekon7 (button) folded before Flop (didn't bet)
Seat 4: Kreayshawn (small blind) folded on the Turn
Seat 5: fobot21 (big blind) collected ($18.26)
Seat 6: timatim1986 folded before Flop (didn't bet)



PokerStars Hand #254480578427:  Hold'em No Limit ($0.50/$1.00 USD) - 2025/01/21 5:35:52 WET [2025/01/21 0:35:52 ET]
Table 'Achernar III' 6-max Seat #4 is the button
Seat 1: blistein ($100 in chips) 
Seat 2: B1GBankroll ($100 in chips) 
Seat 3: 7bekon7 ($100 in chips) 
Seat 4: Kreayshawn ($101.03 in chips) 
Seat 5: fobot21 ($108.65 in chips) 
Seat 6: timatim1986 ($22.98 in chips) 
fobot21: posts small blind $0.50
timatim1986: posts big blind $1
*** HOLE CARDS ***
blistein: folds 
B1GBankroll: raises $1.50 to $2.50
7bekon7: folds 
Kreayshawn: folds 
fobot21: folds 
timatim1986: folds 
Uncalled bet ($1.50) returned to B1GBankroll
B1GBankroll collected $2.50 from pot
B1GBankroll: doesn't show hand 
*** SUMMARY ***
Total pot $2.50 | Rake $0 
Seat 1: blistein folded before Flop (didn't bet)
Seat 2: B1GBankroll collected ($2.50)
Seat 3: 7bekon7 folded before Flop (didn't bet)
Seat 4: Kreayshawn (button) folded before Flop (didn't bet)
Seat 5: fobot21 (small blind) folded before Flop
Seat 6: timatim1986 (big blind) folded before Flop



PokerStars Hand #254480580452:  Hold'em No Limit ($0.50/$1.00 USD) - 2025/01/21 5:36:18 WET [2025/01/21 0:36:18 ET]
Table 'Achernar III' 6-max Seat #5 is the button
Seat 1: blistein ($100 in chips) 
Seat 2: B1GBankroll ($101.50 in chips) 
Seat 3: 7bekon7 ($100 in chips) 
Seat 4: Kreayshawn ($101.03 in chips) 
Seat 5: fobot21 ($108.15 in chips) 
Seat 6: timatim1986 ($21.98 in chips) 
timatim1986: posts small blind $0.50
blistein: posts big blind $1
*** HOLE CARDS ***
B1GBankroll: folds 
7bekon7: raises $1.25 to $2.25
Kreayshawn: folds 
fobot21: folds 
timatim1986: folds 
blistein: folds 
Uncalled bet ($1.25) returned to 7bekon7
7bekon7 collected $2.50 from pot
7bekon7: doesn't show hand 
*** SUMMARY ***
Total pot $2.50 | Rake $0 
Seat 1: blistein (big blind) folded before Flop
Seat 2: B1GBankroll folded before Flop (didn't bet)
Seat 3: 7bekon7 collected ($2.50)
Seat 4: Kreayshawn folded before Flop (didn't bet)
Seat 5: fobot21 (button) folded before Flop (didn't bet)
Seat 6: timatim1986 (small blind) folded before Flop



PokerStars Hand #254480581749:  Hold'em No Limit ($0.50/$1.00 USD) - 2025/01/21 5:36:35 WET [2025/01/21 0:36:35 ET]
Table 'Achernar III' 6-max Seat #6 is the button
Seat 1: blistein ($100 in chips) 
Seat 2: B1GBankroll ($101.50 in chips) 
Seat 3: 7bekon7 ($101.50 in chips) 
Seat 4: Kreayshawn ($101.03 in chips) 
Seat 5: fobot21 ($108.15 in chips) 
Seat 6: timatim1986 ($21.48 in chips) 
blistein: posts small blind $0.50
B1GBankroll: posts big blind $1
*** HOLE CARDS ***
7bekon7: folds 
Kreayshawn: folds 
fobot21: folds 
timatim1986: raises $1 to $2
blistein: folds 
B1GBankroll: calls $1
*** FLOP *** [Tc Kc 5d]
B1GBankroll: checks 
timatim1986: bets $2
B1GBankroll: folds 
Uncalled bet ($2) returned to timatim1986
timatim1986 collected $4.28 from pot
*** SUMMARY ***
Total pot $4.50 | Rake $0.22 
Board [Tc Kc 5d]
Seat 1: blistein (small blind) folded before Flop
Seat 2: B1GBankroll (big blind) folded on the Flop
Seat 3: 7bekon7 folded before Flop (didn't bet)
Seat 4: Kreayshawn folded before Flop (didn't bet)
Seat 5: fobot21 folded before Flop (didn't bet)
Seat 6: timatim1986 (button) collected ($4.28)



PokerStars Hand #254480583807:  Hold'em No Limit ($0.50/$1.00 USD) - 2025/01/21 5:37:02 WET [2025/01/21 0:37:02 ET]
Table 'Achernar III' 6-max Seat #1 is the button
Seat 1: blistein ($100 in chips) 
Seat 2: B1GBankroll ($100 in chips) 
Seat 3: 7bekon7 ($101.50 in chips) 
Seat 4: Kreayshawn ($101.03 in chips) 
Seat 5: fobot21 ($108.15 in chips) 
Seat 6: timatim1986 ($23.76 in chips) 
B1GBankroll: posts small blind $0.50
7bekon7: posts big blind $1
*** HOLE CARDS ***
Kreayshawn: folds 
fobot21: folds 
timatim1986: folds 
blistein: folds 
B1GBankroll: raises $2 to $3
7bekon7: folds 
Uncalled bet ($2) returned to B1GBankroll
B1GBankroll collected $2 from pot
B1GBankroll: doesn't show hand 
*** SUMMARY ***
Total pot $2 | Rake $0 
Seat 1: blistein (button) folded before Flop (didn't bet)
Seat 2: B1GBankroll (small blind) collected ($2)
Seat 3: 7bekon7 (big blind) folded before Flop
Seat 4: Kreayshawn folded before Flop (didn't bet)
Seat 5: fobot21 folded before Flop (didn't bet)
Seat 6: timatim1986 folded before Flop (didn't bet)



PokerStars Hand #254480585958:  Hold'em No Limit ($0.50/$1.00 USD) - 2025/01/21 5:37:30 WET [2025/01/21 0:37:30 ET]
Table 'Achernar III' 6-max Seat #2 is the button
Seat 1: blistein ($100 in chips) 
Seat 2: B1GBankroll ($101 in chips) 
Seat 3: 7bekon7 ($100.50 in chips) 
Seat 4: Kreayshawn ($101.03 in chips) 
Seat 5: fobot21 ($108.15 in chips) 
Seat 6: timatim1986 ($23.76 in chips) 
7bekon7: posts small blind $0.50
Kreayshawn: posts big blind $1
*** HOLE CARDS ***
fobot21: folds 
timatim1986: folds 
blistein: raises $1.30 to $2.30
B1GBankroll: folds 
7bekon7: folds 
Kreayshawn: folds 
Uncalled bet ($1.30) returned to blistein
blistein collected $2.50 from pot
blistein: doesn't show hand 
*** SUMMARY ***
Total pot $2.50 | Rake $0 
Seat 1: blistein collected ($2.50)
Seat 2: B1GBankroll (button) folded before Flop (didn't bet)
Seat 3: 7bekon7 (small blind) folded before Flop
Seat 4: Kreayshawn (big blind) folded before Flop
Seat 5: fobot21 folded before Flop (didn't bet)
Seat 6: timatim1986 folded before Flop (didn't bet)



PokerStars Hand #254480587815:  Hold'em No Limit ($0.50/$1.00 USD) - 2025/01/21 5:37:54 WET [2025/01/21 0:37:54 ET]
Table 'Achernar III' 6-max Seat #3 is the button
Seat 1: blistein ($101.50 in chips) 
Seat 2: B1GBankroll ($101 in chips) 
Seat 3: 7bekon7 ($100 in chips) 
Seat 4: Kreayshawn ($100.03 in chips) 
Seat 5: fobot21 ($108.15 in chips) 
Seat 6: timatim1986 ($23.76 in chips) 
Kreayshawn: posts small blind $0.50
fobot21: posts big blind $1
*** HOLE CARDS ***
timatim1986: raises $1 to $2
blistein: folds 
B1GBankroll: folds 
7bekon7: folds 
Kreayshawn: folds 
fobot21: folds 
Uncalled bet ($1) returned to timatim1986
timatim1986 collected $2.50 from pot
*** SUMMARY ***
Total pot $2.50 | Rake $0 
Seat 1: blistein folded before Flop (didn't bet)
Seat 2: B1GBankroll folded before Flop (didn't bet)
Seat 3: 7bekon7 (button) folded before Flop (didn't bet)
Seat 4: Kreayshawn (small blind) folded before Flop
Seat 5: fobot21 (big blind) folded before Flop
Seat 6: timatim1986 collected ($2.50)



PokerStars Hand #254480589068:  Hold'em No Limit ($0.50/$1.00 USD) - 2025/01/21 5:38:11 WET [2025/01/21 0:38:11 ET]
Table 'Achernar III' 6-max Seat #4 is the button
Seat 1: blistein ($101.50 in chips) 
Seat 2: B1GBankroll ($101 in chips) 
Seat 3: 7bekon7 ($100 in chips) 
Seat 4: Kreayshawn ($100 in chips) 
Seat 5: fobot21 ($107.15 in chips) 
Seat 6: timatim1986 ($25.26 in chips) 
fobot21: posts small blind $0.50
timatim1986: posts big blind $1
*** HOLE CARDS ***
blistein: folds 
B1GBankroll has timed out
B1GBankroll: folds 
7bekon7: folds 
Kreayshawn: raises $1.50 to $2.50
fobot21: calls $2
timatim1986: folds 
*** FLOP *** [8c Kc 5c]
fobot21: checks 
Kreayshawn: bets $1.88
fobot21: calls $1.88
*** TURN *** [8c Kc 5c] [Qc]
fobot21: checks 
Kreayshawn: checks 
*** RIVER *** [8c Kc 5c Qc] [6s]
fobot21: checks 
Kreayshawn: bets $3.06
fobot21: folds 
Uncalled bet ($3.06) returned to Kreayshawn
Kreayshawn collected $9.27 from pot
*** SUMMARY ***
Total pot $9.76 | Rake $0.49 
Board [8c Kc 5c Qc 6s]
Seat 1: blistein folded before Flop (didn't bet)
Seat 2: B1GBankroll folded before Flop (didn't bet)
Seat 3: 7bekon7 folded before Flop (didn't bet)
Seat 4: Kreayshawn (button) collected ($9.27)
Seat 5: fobot21 (small blind) folded on the River
Seat 6: timatim1986 (big blind) folded before Flop



PokerStars Hand #254480595330:  Hold'em No Limit ($0.50/$1.00 USD) - 2025/01/21 5:39:33 WET [2025/01/21 0:39:33 ET]
Table 'Achernar III' 6-max Seat #5 is the button
Seat 1: blistein ($101.50 in chips) 
Seat 2: B1GBankroll ($101 in chips) 
Seat 3: 7bekon7 ($100 in chips) 
Seat 4: Kreayshawn ($104.89 in chips) 
Seat 5: fobot21 ($102.77 in chips) 
Seat 6: timatim1986 ($24.26 in chips) 
timatim1986: posts small blind $0.50
blistein: posts big blind $1
*** HOLE CARDS ***
B1GBankroll: folds 
7bekon7: folds 
Kreayshawn: folds 
fobot21: raises $1.50 to $2.50
timatim1986: folds 
blistein: folds 
Uncalled bet ($1.50) returned to fobot21
fobot21 collected $2.50 from pot
fobot21: doesn't show hand 
*** SUMMARY ***
Total pot $2.50 | Rake $0 
Seat 1: blistein (big blind) folded before Flop
Seat 2: B1GBankroll folded before Flop (didn't bet)
Seat 3: 7bekon7 folded before Flop (didn't bet)
Seat 4: Kreayshawn folded before Flop (didn't bet)
Seat 5: fobot21 (button) collected ($2.50)
Seat 6: timatim1986 (small blind) folded before Flop



PokerStars Hand #254480596593:  Hold'em No Limit ($0.50/$1.00 USD) - 2025/01/21 5:39:50 WET [2025/01/21 0:39:50 ET]
Table 'Achernar III' 6-max Seat #6 is the button
Seat 1: blistein ($100.50 in chips) 
Seat 2: B1GBankroll ($101 in chips) 
Seat 3: 7bekon7 ($100 in chips) 
Seat 4: Kreayshawn ($104.89 in chips) 
Seat 5: fobot21 ($104.27 in chips) 
Seat 6: timatim1986 ($23.76 in chips) 
blistein: posts small blind $0.50
B1GBankroll: posts big blind $1
*** HOLE CARDS ***
7bekon7: folds 
Kreayshawn: folds 
fobot21: raises $1.50 to $2.50
timatim1986: folds 
timatim1986 leaves the table
blistein: folds 
B1GBankroll: folds 
Uncalled bet ($1.50) returned to fobot21
fobot21 collected $2.50 from pot
fobot21: doesn't show hand 
*** SUMMARY ***
Total pot $2.50 | Rake $0 
Seat 1: blistein (small blind) folded before Flop
Seat 2: B1GBankroll (big blind) folded before Flop
Seat 3: 7bekon7 folded before Flop (didn't bet)
Seat 4: Kreayshawn folded before Flop (didn't bet)
Seat 5: fobot21 collected ($2.50)
Seat 6: timatim1986 (button) folded before Flop (didn't bet)



PokerStars Hand #254480598455:  Hold'em No Limit ($0.50/$1.00 USD) - 2025/01/21 5:40:14 WET [2025/01/21 0:40:14 ET]
Table 'Achernar III' 6-max Seat #1 is the button
Seat 3: 7bekon7 ($100 in chips) is sitting out
Seat 1: blistein ($100 in chips) 
Seat 2: B1GBankroll ($100 in chips) 
Seat 4: Kreayshawn ($104.89 in chips) 
Seat 5: fobot21 ($105.77 in chips) 
B1GBankroll: posts small blind $0.50
7bekon7: is sitting out 
Kreayshawn: posts big blind $1
*** HOLE CARDS ***
fobot21: raises $1.50 to $2.50
Edi131313 joins the table at seat #6 
blistein: folds 
B1GBankroll: folds 
Kreayshawn: calls $1.50
*** FLOP *** [4c 8c Ts]
Kreayshawn: checks 
fobot21: bets $3.97
Kreayshawn: folds 
Uncalled bet ($3.97) returned to fobot21
fobot21 collected $5.22 from pot
fobot21: doesn't show hand 
*** SUMMARY ***
Total pot $5.50 | Rake $0.28 
Board [4c 8c Ts]
Seat 3: 7bekon7
Seat 1: blistein (button) folded before Flop (didn't bet)
Seat 2: B1GBankroll (small blind) folded before Flop
Seat 4: Kreayshawn (big blind) folded on the Flop
Seat 5: fobot21 collected ($5.22)



PokerStars Hand #254480602017:  Hold'em No Limit ($0.50/$1.00 USD) - 2025/01/21 5:41:01 WET [2025/01/21 0:41:01 ET]
Table 'Achernar III' 6-max Seat #2 is the button
Seat 3: 7bekon7 ($100 in chips) is sitting out
Seat 5: fobot21 ($108.49 in chips) is sitting out
Seat 1: blistein ($100 in chips) 
Seat 2: B1GBankroll ($100 in chips) 
Seat 4: Kreayshawn ($102.39 in chips) 
Seat 6: Edi131313 ($100 in chips) 
Kreayshawn: posts small blind $0.50
fobot21: is sitting out 
Edi131313: posts big blind $1
*** HOLE CARDS ***
blistein: folds 
B1GBankroll: folds 
Kreayshawn: folds 
Uncalled bet ($0.50) returned to Edi131313
Edi131313 collected $1 from pot
Edi131313: doesn't show hand 
*** SUMMARY ***
Total pot $1 | Rake $0 
Seat 3: 7bekon7
Seat 5: fobot21
Seat 1: blistein folded before Flop (didn't bet)
Seat 2: B1GBankroll (button) folded before Flop (didn't bet)
Seat 4: Kreayshawn (small blind) folded before Flop
Seat 6: Edi131313 (big blind) collected ($1)



PokerStars Hand #254480602879:  Hold'em No Limit ($0.50/$1.00 USD) - 2025/01/21 5:41:12 WET [2025/01/21 0:41:12 ET]
Table 'Achernar III' 6-max Seat #4 is the button
Seat 3: 7bekon7 ($100 in chips) is sitting out
Seat 5: fobot21 ($108.49 in chips) is sitting out
Seat 1: blistein ($100 in chips) 
Seat 2: B1GBankroll ($100 in chips) 
Seat 4: Kreayshawn ($101.89 in chips) 
Seat 6: Edi131313 ($100.50 in chips) 
Edi131313: posts small blind $0.50
blistein: posts big blind $1
7bekon7: sits out 
*** HOLE CARDS ***
B1GBankroll: folds 
Kreayshawn: folds 
Kreayshawn leaves the table
Edi131313: raises $1 to $2
B1GBankroll leaves the table
blistein: raises $6 to $8
Edi131313: folds 
Uncalled bet ($6) returned to blistein
blistein collected $4 from pot
blistein: doesn't show hand 
*** SUMMARY ***
Total pot $4 | Rake $0 
Seat 3: 7bekon7
Seat 5: fobot21
Seat 1: blistein (big blind) collected ($4)
Seat 2: B1GBankroll folded before Flop (didn't bet)
Seat 4: Kreayshawn (button) folded before Flop (didn't bet)
Seat 6: Edi131313 (small blind) folded before Flop



PokerStars Hand #254480605176:  Hold'em No Limit ($0.50/$1.00 USD) - 2025/01/21 5:41:42 WET [2025/01/21 0:41:42 ET]
Table 'Achernar III' 6-max Seat #6 is the button
Seat 5: fobot21 ($108.49 in chips) is sitting out
Seat 1: blistein ($102 in chips) 
Seat 3: 7bekon7 ($100 in chips) 
Seat 6: Edi131313 ($98.50 in chips) 
blistein: posts small blind $0.50
7bekon7: posts big blind $1
fobot21: sits out 
*** HOLE CARDS ***
ponchua joins the table at seat #4 
Edi131313: raises $1 to $2
blistein: folds 
7bekon7: folds 
Uncalled bet ($1) returned to Edi131313
Edi131313 collected $2.50 from pot
Edi131313: doesn't show hand 
*** SUMMARY ***
Total pot $2.50 | Rake $0 
Seat 5: fobot21
Seat 1: blistein (small blind) folded before Flop
Seat 3: 7bekon7 (big blind) folded before Flop
Seat 6: Edi131313 (button) collected ($2.50)



PokerStars Hand #254480606459:  Hold'em No Limit ($0.50/$1.00 USD) - 2025/01/21 5:41:59 WET [2025/01/21 0:41:59 ET]
Table 'Achernar III' 6-max Seat #1 is the button
Seat 5: fobot21 ($108.49 in chips) is sitting out
Seat 1: blistein ($101.50 in chips) 
Seat 3: 7bekon7 ($100 in chips) 
Seat 4: ponchua ($100 in chips) 
Seat 6: Edi131313 ($100 in chips) 
7bekon7: posts small blind $0.50
ponchua: posts big blind $1
fobot21: sits out 
*** HOLE CARDS ***
Edi131313: folds 
blistein: raises $1.50 to $2.50
Melenya joins the table at seat #2 
7bekon7: folds 
ponchua: folds 
Uncalled bet ($1.50) returned to blistein
blistein collected $2.50 from pot
blistein: doesn't show hand 
*** SUMMARY ***
Total pot $2.50 | Rake $0 
Seat 5: fobot21
Seat 1: blistein (button) collected ($2.50)
Seat 3: 7bekon7 (small blind) folded before Flop
Seat 4: ponchua (big blind) folded before Flop
Seat 6: Edi131313 folded before Flop (didn't bet)



PokerStars Hand #254480607589:  Hold'em No Limit ($0.50/$1.00 USD) - 2025/01/21 5:42:14 WET [2025/01/21 0:42:14 ET]
Table 'Achernar III' 6-max Seat #3 is the button
Seat 2: Melenya ($100 in chips) is sitting out
Seat 1: blistein ($103 in chips) 
Seat 3: 7bekon7 ($100 in chips) 
Seat 4: ponchua ($100 in chips) 
Seat 5: fobot21 ($108.49 in chips) 
Seat 6: Edi131313 ($100 in chips) 
ponchua: posts small blind $0.50
fobot21: posts big blind $1
Melenya: sits out 
*** HOLE CARDS ***
Edi131313: raises $1 to $2
blistein: folds 
7bekon7: folds 
ponchua: folds 
fobot21: folds 
Uncalled bet ($1) returned to Edi131313
Edi131313 collected $2.50 from pot
Edi131313: doesn't show hand 
*** SUMMARY ***
Total pot $2.50 | Rake $0 
Seat 2: Melenya
Seat 1: blistein folded before Flop (didn't bet)
Seat 3: 7bekon7 (button) folded before Flop (didn't bet)
Seat 4: ponchua (small blind) folded before Flop
Seat 5: fobot21 (big blind) folded before Flop
Seat 6: Edi131313 collected ($2.50)



PokerStars Hand #254480609078:  Hold'em No Limit ($0.50/$1.00 USD) - 2025/01/21 5:42:33 WET [2025/01/21 0:42:33 ET]
Table 'Achernar III' 6-max Seat #4 is the button
Seat 2: Melenya ($100 in chips) is sitting out
Seat 1: blistein ($103 in chips) 
Seat 3: 7bekon7 ($100 in chips) 
Seat 4: ponchua ($100 in chips) 
Seat 5: fobot21 ($107.49 in chips) 
Seat 6: Edi131313 ($101.50 in chips) 
fobot21: posts small blind $0.50
Edi131313: posts big blind $1
Melenya: sits out 
*** HOLE CARDS ***
blistein: folds 
7bekon7: folds 
ponchua: folds 
fobot21: folds 
Uncalled bet ($0.50) returned to Edi131313
Edi131313 collected $1 from pot
Edi131313: doesn't show hand 
*** SUMMARY ***
Total pot $1 | Rake $0 
Seat 2: Melenya
Seat 1: blistein folded before Flop (didn't bet)
Seat 3: 7bekon7 folded before Flop (didn't bet)
Seat 4: ponchua (button) folded before Flop (didn't bet)
Seat 5: fobot21 (small blind) folded before Flop
Seat 6: Edi131313 (big blind) collected ($1)



PokerStars Hand #254480610367:  Hold'em No Limit ($0.50/$1.00 USD) - 2025/01/21 5:42:50 WET [2025/01/21 0:42:50 ET]
Table 'Achernar III' 6-max Seat #5 is the button
Seat 2: Melenya ($100 in chips) is sitting out
Seat 1: blistein ($103 in chips) 
Seat 3: 7bekon7 ($100 in chips) 
Seat 4: ponchua ($100 in chips) 
Seat 5: fobot21 ($106.99 in chips) 
Seat 6: Edi131313 ($102 in chips) 
Edi131313: posts small blind $0.50
blistein: posts big blind $1
Melenya: sits out 
*** HOLE CARDS ***
7bekon7: folds 
ponchua: raises $1.50 to $2.50
fobot21: folds 
Edi131313: folds 
blistein: folds 
Uncalled bet ($1.50) returned to ponchua
ponchua collected $2.50 from pot
ponchua: doesn't show hand 
*** SUMMARY ***
Total pot $2.50 | Rake $0 
Seat 2: Melenya
Seat 1: blistein (big blind) folded before Flop
Seat 3: 7bekon7 folded before Flop (didn't bet)
Seat 4: ponchua collected ($2.50)
Seat 5: fobot21 (button) folded before Flop (didn't bet)
Seat 6: Edi131313 (small blind) folded before Flop



PokerStars Hand #254480611831:  Hold'em No Limit ($0.50/$1.00 USD) - 2025/01/21 5:43:09 WET [2025/01/21 0:43:09 ET]
Table 'Achernar III' 6-max Seat #6 is the button
Seat 1: blistein ($102 in chips) 
Seat 2: Melenya ($100 in chips) 
Seat 3: 7bekon7 ($100 in chips) 
Seat 4: ponchua ($101.50 in chips) 
Seat 5: fobot21 ($106.99 in chips) 
Seat 6: Edi131313 ($101.50 in chips) 
blistein: posts small blind $0.50
Melenya: posts big blind $1
*** HOLE CARDS ***
7bekon7: folds 
ponchua: folds 
fobot21: raises $1.50 to $2.50
Edi131313: folds 
blistein: folds 
Melenya: folds 
Uncalled bet ($1.50) returned to fobot21
fobot21 collected $2.50 from pot
fobot21: doesn't show hand 
*** SUMMARY ***
Total pot $2.50 | Rake $0 
Seat 1: blistein (small blind) folded before Flop
Seat 2: Melenya (big blind) folded before Flop
Seat 3: 7bekon7 folded before Flop (didn't bet)
Seat 4: ponchua folded before Flop (didn't bet)
Seat 5: fobot21 collected ($2.50)
Seat 6: Edi131313 (button) folded before Flop (didn't bet)



PokerStars Hand #254480612894:  Hold'em No Limit ($0.50/$1.00 USD) - 2025/01/21 5:43:24 WET [2025/01/21 0:43:24 ET]
Table 'Achernar III' 6-max Seat #1 is the button
Seat 1: blistein ($101.50 in chips) 
Seat 2: Melenya ($100 in chips) 
Seat 3: 7bekon7 ($100 in chips) 
Seat 4: ponchua ($101.50 in chips) 
Seat 5: fobot21 ($108.49 in chips) 
Seat 6: Edi131313 ($101.50 in chips) 
Melenya: posts small blind $0.50
7bekon7: posts big blind $1
*** HOLE CARDS ***
ponchua: folds 
fobot21: folds 
Edi131313: raises $1 to $2
blistein: folds 
Melenya: folds 
7bekon7: calls $1
*** FLOP *** [9h Jd 2c]
7bekon7: checks 
Edi131313: bets $2.14
7bekon7: calls $2.14
*** TURN *** [9h Jd 2c] [6h]
7bekon7: checks 
Edi131313: checks 
*** RIVER *** [9h Jd 2c 6h] [8s]
7bekon7: bets $16.68
Edi131313: calls $16.68
*** SHOW DOWN ***
7bekon7: shows [7c Tc] (a straight, Seven to Jack)
Edi131313: mucks hand 
7bekon7 collected $40.03 from pot
*** SUMMARY ***
Total pot $42.14 | Rake $2.11 
Board [9h Jd 2c 6h 8s]
Seat 1: blistein (button) folded before Flop (didn't bet)
Seat 2: Melenya (small blind) folded before Flop
Seat 3: 7bekon7 (big blind) showed [7c Tc] and won ($40.03) with a straight, Seven to Jack
Seat 4: ponchua folded before Flop (didn't bet)
Seat 5: fobot21 folded before Flop (didn't bet)
Seat 6: Edi131313 mucked



PokerStars Hand #254480617930:  Hold'em No Limit ($0.50/$1.00 USD) - 2025/01/21 5:44:30 WET [2025/01/21 0:44:30 ET]
Table 'Achernar III' 6-max Seat #2 is the button
Seat 1: blistein ($101.50 in chips) 
Seat 2: Melenya ($100 in chips) 
Seat 3: 7bekon7 ($119.21 in chips) 
Seat 4: ponchua ($101.50 in chips) 
Seat 5: fobot21 ($108.49 in chips) 
Seat 6: Edi131313 ($80.68 in chips) 
7bekon7: posts small blind $0.50
ponchua: posts big blind $1
*** HOLE CARDS ***
fobot21: folds 
Edi131313: raises $1 to $2
blistein: folds 
Melenya: folds 
7bekon7: folds 
ponchua: calls $1
*** FLOP *** [Jc Qs Ac]
ponchua: checks 
Edi131313: checks 
*** TURN *** [Jc Qs Ac] [Js]
ponchua: bets $2.18
Edi131313: calls $2.18
*** RIVER *** [Jc Qs Ac Js] [3h]
ponchua: checks 
Edi131313: bets $4.21
ponchua: folds 
Uncalled bet ($4.21) returned to Edi131313
Edi131313 collected $8.42 from pot
Edi131313: doesn't show hand 
*** SUMMARY ***
Total pot $8.86 | Rake $0.44 
Board [Jc Qs Ac Js 3h]
Seat 1: blistein folded before Flop (didn't bet)
Seat 2: Melenya (button) folded before Flop (didn't bet)
Seat 3: 7bekon7 (small blind) folded before Flop
Seat 4: ponchua (big blind) folded on the River
Seat 5: fobot21 folded before Flop (didn't bet)
Seat 6: Edi131313 collected ($8.42)



PokerStars Hand #254480622927:  Hold'em No Limit ($0.50/$1.00 USD) - 2025/01/21 5:45:37 WET [2025/01/21 0:45:37 ET]
Table 'Achernar III' 6-max Seat #3 is the button
Seat 1: blistein ($101.50 in chips) 
Seat 2: Melenya ($100 in chips) 
Seat 3: 7bekon7 ($118.71 in chips) 
Seat 4: ponchua ($100 in chips) 
Seat 5: fobot21 ($108.49 in chips) 
Seat 6: Edi131313 ($84.92 in chips) 
ponchua: posts small blind $0.50
fobot21: posts big blind $1
*** HOLE CARDS ***
Edi131313: raises $1 to $2
blistein: folds 
Melenya: raises $4 to $6
7bekon7: folds 
ponchua: folds 
fobot21: folds 
Edi131313: calls $4
*** FLOP *** [Qs 3h 7c]
Edi131313: checks 
Melenya: bets $3.21
Edi131313: calls $3.21
*** TURN *** [Qs 3h 7c] [3s]
Edi131313: checks 
Melenya: checks 
*** RIVER *** [Qs 3h 7c 3s] [Ts]
Edi131313: checks 
Melenya: checks 
*** SHOW DOWN ***
Edi131313: shows [9c Tc] (two pair, Tens and Threes)
Melenya: shows [Jd Td] (two pair, Tens and Threes)
Edi131313 collected $9.46 from pot
Melenya collected $9.46 from pot
*** SUMMARY ***
Total pot $19.92 | Rake $1 
Board [Qs 3h 7c 3s Ts]
Seat 1: blistein folded before Flop (didn't bet)
Seat 2: Melenya showed [Jd Td] and won ($9.46) with two pair, Tens and Threes
Seat 3: 7bekon7 (button) folded before Flop (didn't bet)
Seat 4: ponchua (small blind) folded before Flop
Seat 5: fobot21 (big blind) folded before Flop
Seat 6: Edi131313 showed [9c Tc] and won ($9.46) with two pair, Tens and Threes



PokerStars Hand #254480627405:  Hold'em No Limit ($0.50/$1.00 USD) - 2025/01/21 5:46:36 WET [2025/01/21 0:46:36 ET]
Table 'Achernar III' 6-max Seat #4 is the button
Seat 1: blistein ($101.50 in chips) 
Seat 2: Melenya ($100.25 in chips) 
Seat 3: 7bekon7 ($118.71 in chips) 
Seat 4: ponchua ($100 in chips) 
Seat 5: fobot21 ($107.49 in chips) 
Seat 6: Edi131313 ($85.17 in chips) 
fobot21: posts small blind $0.50
Edi131313: posts big blind $1
*** HOLE CARDS ***
blistein: folds 
Melenya: folds 
7bekon7: folds 
ponchua: folds 
fobot21: raises $1.90 to $2.90
Edi131313: folds 
Uncalled bet ($1.90) returned to fobot21
fobot21 collected $2 from pot
fobot21: doesn't show hand 
*** SUMMARY ***
Total pot $2 | Rake $0 
Seat 1: blistein folded before Flop (didn't bet)
Seat 2: Melenya folded before Flop (didn't bet)
Seat 3: 7bekon7 folded before Flop (didn't bet)
Seat 4: ponchua (button) folded before Flop (didn't bet)
Seat 5: fobot21 (small blind) collected ($2)
Seat 6: Edi131313 (big blind) folded before Flop



PokerStars Hand #254480628385:  Hold'em No Limit ($0.50/$1.00 USD) - 2025/01/21 5:46:48 WET [2025/01/21 0:46:48 ET]
Table 'Achernar III' 6-max Seat #5 is the button
Seat 1: blistein ($101.50 in chips) 
Seat 2: Melenya ($100.25 in chips) 
Seat 3: 7bekon7 ($118.71 in chips) 
Seat 4: ponchua ($100 in chips) 
Seat 5: fobot21 ($108.49 in chips) 
Seat 6: Edi131313 ($84.17 in chips) 
Edi131313: posts small blind $0.50
blistein: posts big blind $1
*** HOLE CARDS ***
Melenya: folds 
7bekon7: folds 
ponchua: raises $1.50 to $2.50
fobot21: folds 
Edi131313: calls $2
blistein: folds 
*** FLOP *** [6c 2h 5h]
Edi131313: checks 
ponchua: bets $2.91
Edi131313: folds 
Uncalled bet ($2.91) returned to ponchua
ponchua collected $5.70 from pot
ponchua: doesn't show hand 
*** SUMMARY ***
Total pot $6 | Rake $0.30 
Board [6c 2h 5h]
Seat 1: blistein (big blind) folded before Flop
Seat 2: Melenya folded before Flop (didn't bet)
Seat 3: 7bekon7 folded before Flop (didn't bet)
Seat 4: ponchua collected ($5.70)
Seat 5: fobot21 (button) folded before Flop (didn't bet)
Seat 6: Edi131313 (small blind) folded on the Flop



PokerStars Hand #254480630735:  Hold'em No Limit ($0.50/$1.00 USD) - 2025/01/21 5:47:19 WET [2025/01/21 0:47:19 ET]
Table 'Achernar III' 6-max Seat #6 is the button
Seat 1: blistein ($100.50 in chips) 
Seat 2: Melenya ($100.25 in chips) 
Seat 3: 7bekon7 ($118.71 in chips) 
Seat 4: ponchua ($103.20 in chips) 
Seat 5: fobot21 ($108.49 in chips) 
Seat 6: Edi131313 ($81.67 in chips) 
blistein: posts small blind $0.50
Melenya: posts big blind $1
*** HOLE CARDS ***
7bekon7: folds 
ponchua: folds 
fobot21: folds 
Edi131313: raises $1 to $2
blistein: folds 
Melenya: calls $1
*** FLOP *** [Jh Td 7c]
Melenya: checks 
Edi131313: bets $2.14
Melenya: calls $2.14
*** TURN *** [Jh Td 7c] [Kc]
Melenya: checks 
Edi131313: checks 
*** RIVER *** [Jh Td 7c Kc] [5s]
Melenya: bets $12.51
Edi131313: folds 
Uncalled bet ($12.51) returned to Melenya
Melenya collected $8.34 from pot
Melenya: doesn't show hand 
*** SUMMARY ***
Total pot $8.78 | Rake $0.44 
Board [Jh Td 7c Kc 5s]
Seat 1: blistein (small blind) folded before Flop
Seat 2: Melenya (big blind) collected ($8.34)
Seat 3: 7bekon7 folded before Flop (didn't bet)
Seat 4: ponchua folded before Flop (didn't bet)
Seat 5: fobot21 folded before Flop (didn't bet)
Seat 6: Edi131313 (button) folded on the River



PokerStars Hand #254480633212:  Hold'em No Limit ($0.50/$1.00 USD) - 2025/01/21 5:47:52 WET [2025/01/21 0:47:52 ET]
Table 'Achernar III' 6-max Seat #1 is the button
Seat 1: blistein ($100 in chips) 
Seat 2: Melenya ($104.45 in chips) 
Seat 3: 7bekon7 ($118.71 in chips) 
Seat 4: ponchua ($103.20 in chips) 
Seat 5: fobot21 ($108.49 in chips) 
Seat 6: Edi131313 ($77.53 in chips) 
Melenya: posts small blind $0.50
7bekon7: posts big blind $1
*** HOLE CARDS ***
ponchua: folds 
fobot21: folds 
Edi131313: raises $1 to $2
blistein: folds 
Melenya: folds 
7bekon7: folds 
Uncalled bet ($1) returned to Edi131313
Edi131313 collected $2.50 from pot
Edi131313: doesn't show hand 
*** SUMMARY ***
Total pot $2.50 | Rake $0 
Seat 1: blistein (button) folded before Flop (didn't bet)
Seat 2: Melenya (small blind) folded before Flop
Seat 3: 7bekon7 (big blind) folded before Flop
Seat 4: ponchua folded before Flop (didn't bet)
Seat 5: fobot21 folded before Flop (didn't bet)
Seat 6: Edi131313 collected ($2.50)



PokerStars Hand #254480634398:  Hold'em No Limit ($0.50/$1.00 USD) - 2025/01/21 5:48:08 WET [2025/01/21 0:48:08 ET]
Table 'Achernar III' 6-max Seat #2 is the button
Seat 1: blistein ($100 in chips) 
Seat 2: Melenya ($103.95 in chips) 
Seat 3: 7bekon7 ($117.71 in chips) 
Seat 4: ponchua ($103.20 in chips) 
Seat 5: fobot21 ($108.49 in chips) 
Seat 6: Edi131313 ($79.03 in chips) 
7bekon7: posts small blind $0.50
ponchua: posts big blind $1
*** HOLE CARDS ***
fobot21: raises $1 to $2
Edi131313: folds 
blistein: folds 
Melenya: folds 
7bekon7: folds 
ponchua: calls $1
*** FLOP *** [7c 5h 4s]
ponchua: checks 
fobot21: checks 
*** TURN *** [7c 5h 4s] [Ad]
ponchua: checks 
fobot21: checks 
*** RIVER *** [7c 5h 4s Ad] [Qs]
ponchua: bets $2.87
fobot21: folds 
Uncalled bet ($2.87) returned to ponchua
ponchua collected $4.28 from pot
ponchua: doesn't show hand 
*** SUMMARY ***
Total pot $4.50 | Rake $0.22 
Board [7c 5h 4s Ad Qs]
Seat 1: blistein folded before Flop (didn't bet)
Seat 2: Melenya (button) folded before Flop (didn't bet)
Seat 3: 7bekon7 (small blind) folded before Flop
Seat 4: ponchua (big blind) collected ($4.28)
Seat 5: fobot21 folded on the River
Seat 6: Edi131313 folded before Flop (didn't bet)



PokerStars Hand #254480639140:  Hold'em No Limit ($0.50/$1.00 USD) - 2025/01/21 5:49:11 WET [2025/01/21 0:49:11 ET]
Table 'Achernar III' 6-max Seat #3 is the button
Seat 1: blistein ($100 in chips) 
Seat 2: Melenya ($103.95 in chips) 
Seat 3: 7bekon7 ($117.21 in chips) 
Seat 4: ponchua ($105.48 in chips) 
Seat 5: fobot21 ($106.49 in chips) 
Seat 6: Edi131313 ($79.03 in chips) 
ponchua: posts small blind $0.50
fobot21: posts big blind $1
*** HOLE CARDS ***
Edi131313: folds 
blistein: raises $1.20 to $2.20
Melenya: folds 
7bekon7: folds 
ponchua: folds 
fobot21: folds 
Uncalled bet ($1.20) returned to blistein
blistein collected $2.50 from pot
blistein: doesn't show hand 
*** SUMMARY ***
Total pot $2.50 | Rake $0 
Seat 1: blistein collected ($2.50)
Seat 2: Melenya folded before Flop (didn't bet)
Seat 3: 7bekon7 (button) folded before Flop (didn't bet)
Seat 4: ponchua (small blind) folded before Flop
Seat 5: fobot21 (big blind) folded before Flop
Seat 6: Edi131313 folded before Flop (didn't bet)



PokerStars Hand #254480640499:  Hold'em No Limit ($0.50/$1.00 USD) - 2025/01/21 5:49:30 WET [2025/01/21 0:49:30 ET]
Table 'Achernar III' 6-max Seat #4 is the button
Seat 1: blistein ($101.50 in chips) 
Seat 2: Melenya ($103.95 in chips) 
Seat 3: 7bekon7 ($117.21 in chips) 
Seat 4: ponchua ($104.98 in chips) 
Seat 5: fobot21 ($105.49 in chips) 
Seat 6: Edi131313 ($79.03 in chips) 
fobot21: posts small blind $0.50
Edi131313: posts big blind $1
*** HOLE CARDS ***
blistein: folds 
Melenya: folds 
7bekon7: folds 
ponchua: folds 
fobot21: raises $1.90 to $2.90
Edi131313: calls $1.90
*** FLOP *** [Ts Qh 7h]
fobot21: bets $1.65
Edi131313: folds 
Uncalled bet ($1.65) returned to fobot21
fobot21 collected $5.51 from pot
fobot21: doesn't show hand 
*** SUMMARY ***
Total pot $5.80 | Rake $0.29 
Board [Ts Qh 7h]
Seat 1: blistein folded before Flop (didn't bet)
Seat 2: Melenya folded before Flop (didn't bet)
Seat 3: 7bekon7 folded before Flop (didn't bet)
Seat 4: ponchua (button) folded before Flop (didn't bet)
Seat 5: fobot21 (small blind) collected ($5.51)
Seat 6: Edi131313 (big blind) folded on the Flop



PokerStars Hand #254480643306:  Hold'em No Limit ($0.50/$1.00 USD) - 2025/01/21 5:50:08 WET [2025/01/21 0:50:08 ET]
Table 'Achernar III' 6-max Seat #5 is the button
Seat 1: blistein ($101.50 in chips) 
Seat 2: Melenya ($103.95 in chips) 
Seat 3: 7bekon7 ($117.21 in chips) 
Seat 4: ponchua ($104.98 in chips) 
Seat 5: fobot21 ($108.10 in chips) 
Seat 6: Edi131313 ($76.13 in chips) 
Edi131313: posts small blind $0.50
blistein: posts big blind $1
*** HOLE CARDS ***
Melenya: folds 
7bekon7: folds 
ponchua: folds 
fobot21: folds 
Edi131313: raises $1 to $2
blistein: folds 
Uncalled bet ($1) returned to Edi131313
Edi131313 collected $2 from pot
Edi131313: doesn't show hand 
*** SUMMARY ***
Total pot $2 | Rake $0 
Seat 1: blistein (big blind) folded before Flop
Seat 2: Melenya folded before Flop (didn't bet)
Seat 3: 7bekon7 folded before Flop (didn't bet)
Seat 4: ponchua folded before Flop (didn't bet)
Seat 5: fobot21 (button) folded before Flop (didn't bet)
Seat 6: Edi131313 (small blind) collected ($2)



PokerStars Hand #254480644530:  Hold'em No Limit ($0.50/$1.00 USD) - 2025/01/21 5:50:24 WET [2025/01/21 0:50:24 ET]
Table 'Achernar III' 6-max Seat #6 is the button
Seat 1: blistein ($100.50 in chips) 
Seat 2: Melenya ($103.95 in chips) 
Seat 3: 7bekon7 ($117.21 in chips) 
Seat 4: ponchua ($104.98 in chips) 
Seat 5: fobot21 ($108.10 in chips) 
Seat 6: Edi131313 ($77.13 in chips) 
blistein: posts small blind $0.50
Melenya: posts big blind $1
*** HOLE CARDS ***
7bekon7: folds 
ponchua: folds 
fobot21: folds 
Edi131313: raises $1 to $2
blistein: folds 
Melenya: calls $1
*** FLOP *** [4s Kc 6c]
Melenya: checks 
Edi131313: checks 
*** TURN *** [4s Kc 6c] [3c]
Melenya: bets $2.87
Edi131313: folds 
Uncalled bet ($2.87) returned to Melenya
Melenya collected $4.28 from pot
Melenya: doesn't show hand 
*** SUMMARY ***
Total pot $4.50 | Rake $0.22 
Board [4s Kc 6c 3c]
Seat 1: blistein (small blind) folded before Flop
Seat 2: Melenya (big blind) collected ($4.28)
Seat 3: 7bekon7 folded before Flop (didn't bet)
Seat 4: ponchua folded before Flop (didn't bet)
Seat 5: fobot21 folded before Flop (didn't bet)
Seat 6: Edi131313 (button) folded on the Turn



PokerStars Hand #254480647711:  Hold'em No Limit ($0.50/$1.00 USD) - 2025/01/21 5:51:07 WET [2025/01/21 0:51:07 ET]
Table 'Achernar III' 6-max Seat #1 is the button
Seat 1: blistein ($100 in chips) 
Seat 2: Melenya ($106.23 in chips) 
Seat 3: 7bekon7 ($117.21 in chips) 
Seat 4: ponchua ($104.98 in chips) 
Seat 5: fobot21 ($108.10 in chips) 
Seat 6: Edi131313 ($75.13 in chips) 
Melenya: posts small blind $0.50
7bekon7: posts big blind $1
*** HOLE CARDS ***
ponchua: folds 
fobot21: folds 
Edi131313: folds 
blistein: folds 
Melenya: folds 
Uncalled bet ($0.50) returned to 7bekon7
7bekon7 collected $1 from pot
7bekon7: doesn't show hand 
*** SUMMARY ***
Total pot $1 | Rake $0 
Seat 1: blistein (button) folded before Flop (didn't bet)
Seat 2: Melenya (small blind) folded before Flop
Seat 3: 7bekon7 (big blind) collected ($1)
Seat 4: ponchua folded before Flop (didn't bet)
Seat 5: fobot21 folded before Flop (didn't bet)
Seat 6: Edi131313 folded before Flop (didn't bet)



PokerStars Hand #254480648429:  Hold'em No Limit ($0.50/$1.00 USD) - 2025/01/21 5:51:16 WET [2025/01/21 0:51:16 ET]
Table 'Achernar III' 6-max Seat #2 is the button
Seat 1: blistein ($100 in chips) 
Seat 2: Melenya ($105.73 in chips) 
Seat 3: 7bekon7 ($117.71 in chips) 
Seat 4: ponchua ($104.98 in chips) 
Seat 5: fobot21 ($108.10 in chips) 
Seat 6: Edi131313 ($75.13 in chips) 
7bekon7: posts small blind $0.50
ponchua: posts big blind $1
*** HOLE CARDS ***
fobot21: folds 
Edi131313: raises $1 to $2
blistein: folds 
Melenya: folds 
7bekon7: folds 
ponchua: calls $1
*** FLOP *** [Ts 9c 7h]
ponchua: checks 
Edi131313: bets $2.14
ponchua: folds 
Uncalled bet ($2.14) returned to Edi131313
Edi131313 collected $4.28 from pot
Edi131313: doesn't show hand 
*** SUMMARY ***
Total pot $4.50 | Rake $0.22 
Board [Ts 9c 7h]
Seat 1: blistein folded before Flop (didn't bet)
Seat 2: Melenya (button) folded before Flop (didn't bet)
Seat 3: 7bekon7 (small blind) folded before Flop
Seat 4: ponchua (big blind) folded on the Flop
Seat 5: fobot21 folded before Flop (didn't bet)
Seat 6: Edi131313 collected ($4.28)



PokerStars Hand #254480651801:  Hold'em No Limit ($0.50/$1.00 USD) - 2025/01/21 5:52:02 WET [2025/01/21 0:52:02 ET]
Table 'Achernar III' 6-max Seat #3 is the button
Seat 1: blistein ($100 in chips) 
Seat 2: Melenya ($105.73 in chips) 
Seat 3: 7bekon7 ($117.21 in chips) 
Seat 4: ponchua ($102.98 in chips) 
Seat 5: fobot21 ($108.10 in chips) 
Seat 6: Edi131313 ($77.41 in chips) 
ponchua: posts small blind $0.50
fobot21: posts big blind $1
*** HOLE CARDS ***
Edi131313: folds 
blistein: raises $1.20 to $2.20
Melenya: folds 
7bekon7: folds 
ponchua: folds 
fobot21: folds 
Uncalled bet ($1.20) returned to blistein
blistein collected $2.50 from pot
blistein: doesn't show hand 
*** SUMMARY ***
Total pot $2.50 | Rake $0 
Seat 1: blistein collected ($2.50)
Seat 2: Melenya folded before Flop (didn't bet)
Seat 3: 7bekon7 (button) folded before Flop (didn't bet)
Seat 4: ponchua (small blind) folded before Flop
Seat 5: fobot21 (big blind) folded before Flop
Seat 6: Edi131313 folded before Flop (didn't bet)



PokerStars Hand #254480654150:  Hold'em No Limit ($0.50/$1.00 USD) - 2025/01/21 5:52:34 WET [2025/01/21 0:52:34 ET]
Table 'Achernar III' 6-max Seat #4 is the button
Seat 1: blistein ($101.50 in chips) 
Seat 2: Melenya ($105.73 in chips) 
Seat 3: 7bekon7 ($117.21 in chips) 
Seat 4: ponchua ($102.48 in chips) 
Seat 5: fobot21 ($107.10 in chips) 
Seat 6: Edi131313 ($77.41 in chips) 
fobot21: posts small blind $0.50
Edi131313: posts big blind $1
*** HOLE CARDS ***
blistein: folds 
Melenya: raises $1 to $2
7bekon7: folds 
ponchua: folds 
fobot21: folds 
Edi131313: calls $1
*** FLOP *** [Ks 8s Qs]
Edi131313: checks 
Melenya: checks 
*** TURN *** [Ks 8s Qs] [As]
Edi131313: checks 
Melenya: bets $1.28
Edi131313: folds 
Uncalled bet ($1.28) returned to Melenya
Melenya collected $4.28 from pot
Melenya: doesn't show hand 
*** SUMMARY ***
Total pot $4.50 | Rake $0.22 
Board [Ks 8s Qs As]
Seat 1: blistein folded before Flop (didn't bet)
Seat 2: Melenya collected ($4.28)
Seat 3: 7bekon7 folded before Flop (didn't bet)
Seat 4: ponchua (button) folded before Flop (didn't bet)
Seat 5: fobot21 (small blind) folded before Flop
Seat 6: Edi131313 (big blind) folded on the Turn



PokerStars Hand #254480657611:  Hold'em No Limit ($0.50/$1.00 USD) - 2025/01/21 5:53:22 WET [2025/01/21 0:53:22 ET]
Table 'Achernar III' 6-max Seat #5 is the button
Seat 1: blistein ($101.50 in chips) 
Seat 2: Melenya ($108.01 in chips) 
Seat 3: 7bekon7 ($117.21 in chips) 
Seat 4: ponchua ($102.48 in chips) 
Seat 5: fobot21 ($106.60 in chips) 
Seat 6: Edi131313 ($75.41 in chips) 
Edi131313: posts small blind $0.50
blistein: posts big blind $1
*** HOLE CARDS ***
Melenya: folds 
7bekon7: folds 
ponchua: folds 
fobot21: folds 
Edi131313: raises $1 to $2
blistein: calls $1
*** FLOP *** [3s As 8s]
Edi131313: checks 
blistein: checks 
*** TURN *** [3s As 8s] [Qd]
Edi131313: checks 
blistein: bets $1.29
Edi131313: folds 
Uncalled bet ($1.29) returned to blistein
blistein collected $3.80 from pot
blistein: doesn't show hand 
*** SUMMARY ***
Total pot $4 | Rake $0.20 
Board [3s As 8s Qd]
Seat 1: blistein (big blind) collected ($3.80)
Seat 2: Melenya folded before Flop (didn't bet)
Seat 3: 7bekon7 folded before Flop (didn't bet)
Seat 4: ponchua folded before Flop (didn't bet)
Seat 5: fobot21 (button) folded before Flop (didn't bet)
Seat 6: Edi131313 (small blind) folded on the Turn



PokerStars Hand #254480662104:  Hold'em No Limit ($0.50/$1.00 USD) - 2025/01/21 5:54:24 WET [2025/01/21 0:54:24 ET]
Table 'Achernar III' 6-max Seat #6 is the button
Seat 1: blistein ($103.30 in chips) 
Seat 2: Melenya ($108.01 in chips) 
Seat 3: 7bekon7 ($117.21 in chips) 
Seat 4: ponchua ($102.48 in chips) 
Seat 5: fobot21 ($106.60 in chips) 
Seat 6: Edi131313 ($73.41 in chips) 
blistein: posts small blind $0.50
Melenya: posts big blind $1
*** HOLE CARDS ***
7bekon7: folds 
ponchua: folds 
fobot21: raises $1.50 to $2.50
Edi131313: raises $6.50 to $9
blistein: folds 
Melenya: folds 
fobot21: folds 
Uncalled bet ($6.50) returned to Edi131313
Edi131313 collected $6.50 from pot
Edi131313: doesn't show hand 
*** SUMMARY ***
Total pot $6.50 | Rake $0 
Seat 1: blistein (small blind) folded before Flop
Seat 2: Melenya (big blind) folded before Flop
Seat 3: 7bekon7 folded before Flop (didn't bet)
Seat 4: ponchua folded before Flop (didn't bet)
Seat 5: fobot21 folded before Flop
Seat 6: Edi131313 (button) collected ($6.50)



PokerStars Hand #254480663737:  Hold'em No Limit ($0.50/$1.00 USD) - 2025/01/21 5:54:46 WET [2025/01/21 0:54:46 ET]
Table 'Achernar III' 6-max Seat #1 is the button
Seat 1: blistein ($102.80 in chips) 
Seat 2: Melenya ($107.01 in chips) 
Seat 3: 7bekon7 ($117.21 in chips) 
Seat 4: ponchua ($102.48 in chips) 
Seat 5: fobot21 ($104.10 in chips) 
Seat 6: Edi131313 ($77.41 in chips) 
Melenya: posts small blind $0.50
7bekon7: posts big blind $1
*** HOLE CARDS ***
ponchua: folds 
fobot21: folds 
Edi131313: folds 
blistein: raises $1.50 to $2.50
Melenya: folds 
7bekon7: folds 
Uncalled bet ($1.50) returned to blistein
blistein collected $2.50 from pot
blistein: doesn't show hand 
*** SUMMARY ***
Total pot $2.50 | Rake $0 
Seat 1: blistein (button) collected ($2.50)
Seat 2: Melenya (small blind) folded before Flop
Seat 3: 7bekon7 (big blind) folded before Flop
Seat 4: ponchua folded before Flop (didn't bet)
Seat 5: fobot21 folded before Flop (didn't bet)
Seat 6: Edi131313 folded before Flop (didn't bet)



PokerStars Hand #254480665795:  Hold'em No Limit ($0.50/$1.00 USD) - 2025/01/21 5:55:16 WET [2025/01/21 0:55:16 ET]
Table 'Achernar III' 6-max Seat #2 is the button
Seat 1: blistein ($104.30 in chips) 
Seat 2: Melenya ($106.51 in chips) 
Seat 3: 7bekon7 ($116.21 in chips) 
Seat 4: ponchua ($102.48 in chips) 
Seat 5: fobot21 ($104.10 in chips) 
Seat 6: Edi131313 ($77.41 in chips) 
7bekon7: posts small blind $0.50
ponchua: posts big blind $1
*** HOLE CARDS ***
fobot21: folds 
Edi131313: folds 
blistein: folds 
Melenya: folds 
7bekon7: folds 
Uncalled bet ($0.50) returned to ponchua
ponchua collected $1 from pot
ponchua: doesn't show hand 
*** SUMMARY ***
Total pot $1 | Rake $0 
Seat 1: blistein folded before Flop (didn't bet)
Seat 2: Melenya (button) folded before Flop (didn't bet)
Seat 3: 7bekon7 (small blind) folded before Flop
Seat 4: ponchua (big blind) collected ($1)
Seat 5: fobot21 folded before Flop (didn't bet)
Seat 6: Edi131313 folded before Flop (didn't bet)



PokerStars Hand #254480666404:  Hold'em No Limit ($0.50/$1.00 USD) - 2025/01/21 5:55:26 WET [2025/01/21 0:55:26 ET]
Table 'Achernar III' 6-max Seat #3 is the button
Seat 1: blistein ($104.30 in chips) 
Seat 2: Melenya ($106.51 in chips) 
Seat 3: 7bekon7 ($115.71 in chips) 
Seat 4: ponchua ($102.98 in chips) 
Seat 5: fobot21 ($104.10 in chips) 
Seat 6: Edi131313 ($77.41 in chips) 
ponchua: posts small blind $0.50
fobot21: posts big blind $1
*** HOLE CARDS ***
Edi131313: folds 
blistein: folds 
Melenya: folds 
7bekon7: raises $1.25 to $2.25
ponchua: folds 
fobot21: calls $1.25
*** FLOP *** [Ts 2d Jc]
fobot21: checks 
7bekon7: bets $4.75
fobot21: folds 
Uncalled bet ($4.75) returned to 7bekon7
7bekon7 collected $4.75 from pot
7bekon7: doesn't show hand 
*** SUMMARY ***
Total pot $5 | Rake $0.25 
Board [Ts 2d Jc]
Seat 1: blistein folded before Flop (didn't bet)
Seat 2: Melenya folded before Flop (didn't bet)
Seat 3: 7bekon7 (button) collected ($4.75)
Seat 4: ponchua (small blind) folded before Flop
Seat 5: fobot21 (big blind) folded on the Flop
Seat 6: Edi131313 folded before Flop (didn't bet)



PokerStars Hand #254480668315:  Hold'em No Limit ($0.50/$1.00 USD) - 2025/01/21 5:55:56 WET [2025/01/21 0:55:56 ET]
Table 'Achernar III' 6-max Seat #4 is the button
Seat 1: blistein ($104.30 in chips) 
Seat 2: Melenya ($106.51 in chips) 
Seat 3: 7bekon7 ($118.21 in chips) 
Seat 4: ponchua ($102.48 in chips) 
Seat 5: fobot21 ($101.85 in chips) 
Seat 6: Edi131313 ($77.41 in chips) 
fobot21: posts small blind $0.50
Edi131313: posts big blind $1
*** HOLE CARDS ***
blistein: folds 
Melenya: folds 
7bekon7: folds 
ponchua: folds 
fobot21: folds 
Uncalled bet ($0.50) returned to Edi131313
Edi131313 collected $1 from pot
Edi131313: doesn't show hand 
*** SUMMARY ***
Total pot $1 | Rake $0 
Seat 1: blistein folded before Flop (didn't bet)
Seat 2: Melenya folded before Flop (didn't bet)
Seat 3: 7bekon7 folded before Flop (didn't bet)
Seat 4: ponchua (button) folded before Flop (didn't bet)
Seat 5: fobot21 (small blind) folded before Flop
Seat 6: Edi131313 (big blind) collected ($1)



PokerStars Hand #254480670044:  Hold'em No Limit ($0.50/$1.00 USD) - 2025/01/21 5:56:24 WET [2025/01/21 0:56:24 ET]
Table 'Achernar III' 6-max Seat #5 is the button
Seat 1: blistein ($104.30 in chips) 
Seat 2: Melenya ($106.51 in chips) 
Seat 3: 7bekon7 ($118.21 in chips) 
Seat 4: ponchua ($102.48 in chips) 
Seat 5: fobot21 ($101.35 in chips) 
Seat 6: Edi131313 ($77.91 in chips) 
Edi131313: posts small blind $0.50
blistein: posts big blind $1
*** HOLE CARDS ***
Melenya: folds 
7bekon7: raises $1.25 to $2.25
ponchua: folds 
fobot21: folds 
Edi131313: calls $1.75
blistein: folds 
*** FLOP *** [6s Kd Tc]
Edi131313: checks 
7bekon7: bets $1.31
Edi131313: folds 
Uncalled bet ($1.31) returned to 7bekon7
7bekon7 collected $5.22 from pot
7bekon7: doesn't show hand 
*** SUMMARY ***
Total pot $5.50 | Rake $0.28 
Board [6s Kd Tc]
Seat 1: blistein (big blind) folded before Flop
Seat 2: Melenya folded before Flop (didn't bet)
Seat 3: 7bekon7 collected ($5.22)
Seat 4: ponchua folded before Flop (didn't bet)
Seat 5: fobot21 (button) folded before Flop (didn't bet)
Seat 6: Edi131313 (small blind) folded on the Flop



PokerStars Hand #254480674399:  Hold'em No Limit ($0.50/$1.00 USD) - 2025/01/21 5:57:36 WET [2025/01/21 0:57:36 ET]
Table 'Achernar III' 6-max Seat #6 is the button
Seat 1: blistein ($103.30 in chips) 
Seat 2: Melenya ($106.51 in chips) 
Seat 3: 7bekon7 ($121.18 in chips) 
Seat 4: ponchua ($102.48 in chips) 
Seat 5: fobot21 ($101.35 in chips) 
Seat 6: Edi131313 ($75.66 in chips) 
blistein: posts small blind $0.50
Melenya: posts big blind $1
*** HOLE CARDS ***
7bekon7: folds 
ponchua: folds 
fobot21: folds 
Edi131313: raises $1 to $2
blistein: folds 
Melenya: calls $1
*** FLOP *** [7h Ah 6h]
Melenya: checks 
Edi131313: bets $2.14
Melenya: folds 
Uncalled bet ($2.14) returned to Edi131313
Edi131313 collected $4.28 from pot
Edi131313: doesn't show hand 
*** SUMMARY ***
Total pot $4.50 | Rake $0.22 
Board [7h Ah 6h]
Seat 1: blistein (small blind) folded before Flop
Seat 2: Melenya (big blind) folded on the Flop
Seat 3: 7bekon7 folded before Flop (didn't bet)
Seat 4: ponchua folded before Flop (didn't bet)
Seat 5: fobot21 folded before Flop (didn't bet)
Seat 6: Edi131313 (button) collected ($4.28)



PokerStars Hand #254480677316:  Hold'em No Limit ($0.50/$1.00 USD) - 2025/01/21 5:58:24 WET [2025/01/21 0:58:24 ET]
Table 'Achernar III' 6-max Seat #1 is the button
Seat 1: blistein ($102.80 in chips) 
Seat 2: Melenya ($104.51 in chips) 
Seat 3: 7bekon7 ($121.18 in chips) 
Seat 4: ponchua ($102.48 in chips) 
Seat 5: fobot21 ($101.35 in chips) 
Seat 6: Edi131313 ($77.94 in chips) 
Melenya: posts small blind $0.50
7bekon7: posts big blind $1
*** HOLE CARDS ***
ponchua: folds 
fobot21: folds 
Edi131313: folds 
blistein: raises $1.50 to $2.50
Melenya: folds 
7bekon7: calls $1.50
*** FLOP *** [2s Td 4c]
7bekon7: checks 
blistein: checks 
*** TURN *** [2s Td 4c] [6d]
7bekon7: checks 
blistein: checks 
*** RIVER *** [2s Td 4c 6d] [8h]
7bekon7: checks 
blistein: bets $3.92
7bekon7: raises $26.12 to $30.04
blistein: folds 
Uncalled bet ($26.12) returned to 7bekon7
7bekon7 collected $12.67 from pot
7bekon7: doesn't show hand 
*** SUMMARY ***
Total pot $13.34 | Rake $0.67 
Board [2s Td 4c 6d 8h]
Seat 1: blistein (button) folded on the River
Seat 2: Melenya (small blind) folded before Flop
Seat 3: 7bekon7 (big blind) collected ($12.67)
Seat 4: ponchua folded before Flop (didn't bet)
Seat 5: fobot21 folded before Flop (didn't bet)
Seat 6: Edi131313 folded before Flop (didn't bet)



PokerStars Hand #254480685469:  Hold'em No Limit ($0.50/$1.00 USD) - 2025/01/21 6:00:34 WET [2025/01/21 1:00:34 ET]
Table 'Achernar III' 6-max Seat #2 is the button
Seat 1: blistein ($100 in chips) 
Seat 2: Melenya ($104.01 in chips) 
Seat 3: 7bekon7 ($127.43 in chips) 
Seat 4: ponchua ($102.48 in chips) 
Seat 5: fobot21 ($101.35 in chips) 
Seat 6: Edi131313 ($77.94 in chips) 
7bekon7: posts small blind $0.50
ponchua: posts big blind $1
*** HOLE CARDS ***
fobot21: folds 
Edi131313: folds 
blistein: folds 
Melenya: raises $1.50 to $2.50
7bekon7: folds 
ponchua: folds 
Uncalled bet ($1.50) returned to Melenya
Melenya collected $2.50 from pot
Melenya: doesn't show hand 
*** SUMMARY ***
Total pot $2.50 | Rake $0 
Seat 1: blistein folded before Flop (didn't bet)
Seat 2: Melenya (button) collected ($2.50)
Seat 3: 7bekon7 (small blind) folded before Flop
Seat 4: ponchua (big blind) folded before Flop
Seat 5: fobot21 folded before Flop (didn't bet)
Seat 6: Edi131313 folded before Flop (didn't bet)



PokerStars Hand #254480686958:  Hold'em No Limit ($0.50/$1.00 USD) - 2025/01/21 6:00:55 WET [2025/01/21 1:00:55 ET]
Table 'Achernar III' 6-max Seat #3 is the button
Seat 1: blistein ($100 in chips) 
Seat 2: Melenya ($105.51 in chips) 
Seat 3: 7bekon7 ($126.93 in chips) 
Seat 4: ponchua ($101.48 in chips) 
Seat 5: fobot21 ($101.35 in chips) 
Seat 6: Edi131313 ($77.94 in chips) 
ponchua: posts small blind $0.50
fobot21: posts big blind $1
*** HOLE CARDS ***
Edi131313: folds 
blistein: folds 
Melenya: folds 
7bekon7: raises $1.25 to $2.25
ponchua: folds 
fobot21: folds 
Uncalled bet ($1.25) returned to 7bekon7
7bekon7 collected $2.50 from pot
7bekon7: doesn't show hand 
*** SUMMARY ***
Total pot $2.50 | Rake $0 
Seat 1: blistein folded before Flop (didn't bet)
Seat 2: Melenya folded before Flop (didn't bet)
Seat 3: 7bekon7 (button) collected ($2.50)
Seat 4: ponchua (small blind) folded before Flop
Seat 5: fobot21 (big blind) folded before Flop
Seat 6: Edi131313 folded before Flop (didn't bet)



PokerStars Hand #254480688409:  Hold'em No Limit ($0.50/$1.00 USD) - 2025/01/21 6:01:15 WET [2025/01/21 1:01:15 ET]
Table 'Achernar III' 6-max Seat #4 is the button
Seat 1: blistein ($100 in chips) 
Seat 2: Melenya ($105.51 in chips) 
Seat 3: 7bekon7 ($128.43 in chips) 
Seat 4: ponchua ($100.98 in chips) 
Seat 5: fobot21 ($100.35 in chips) 
Seat 6: Edi131313 ($77.94 in chips) 
fobot21: posts small blind $0.50
Edi131313: posts big blind $1
*** HOLE CARDS ***
blistein: raises $1.20 to $2.20
Melenya: folds 
7bekon7: folds 
ponchua: folds 
fobot21: folds 
Edi131313: calls $1.20
*** FLOP *** [9c 5s Ks]
Edi131313: checks 
blistein: bets $1.58
Edi131313: calls $1.58
*** TURN *** [9c 5s Ks] [8h]
Edi131313: checks 
blistein: checks 
*** RIVER *** [9c 5s Ks 8h] [8d]
Edi131313: bets $1
blistein: calls $1
*** SHOW DOWN ***
Edi131313: shows [5c 6c] (two pair, Eights and Fives)
blistein: shows [Qh Qs] (two pair, Queens and Eights)
blistein collected $9.56 from pot
*** SUMMARY ***
Total pot $10.06 | Rake $0.50 
Board [9c 5s Ks 8h 8d]
Seat 1: blistein showed [Qh Qs] and won ($9.56) with two pair, Queens and Eights
Seat 2: Melenya folded before Flop (didn't bet)
Seat 3: 7bekon7 folded before Flop (didn't bet)
Seat 4: ponchua (button) folded before Flop (didn't bet)
Seat 5: fobot21 (small blind) folded before Flop
Seat 6: Edi131313 (big blind) showed [5c 6c] and lost with two pair, Eights and Fives



PokerStars Hand #254480693640:  Hold'em No Limit ($0.50/$1.00 USD) - 2025/01/21 6:02:30 WET [2025/01/21 1:02:30 ET]
Table 'Achernar III' 6-max Seat #5 is the button
Seat 1: blistein ($104.78 in chips) 
Seat 2: Melenya ($105.51 in chips) 
Seat 3: 7bekon7 ($128.43 in chips) 
Seat 4: ponchua ($100.98 in chips) 
Seat 5: fobot21 ($100 in chips) 
Seat 6: Edi131313 ($73.16 in chips) 
Edi131313: posts small blind $0.50
blistein: posts big blind $1
*** HOLE CARDS ***
Melenya: raises $1 to $2
7bekon7: folds 
ponchua: folds 
fobot21: folds 
Edi131313: calls $1.50
blistein: folds 
*** FLOP *** [Ts Js Jh]
Edi131313: checks 
Melenya: bets $1.19
Edi131313: folds 
Uncalled bet ($1.19) returned to Melenya
Melenya collected $4.75 from pot
Melenya: doesn't show hand 
*** SUMMARY ***
Total pot $5 | Rake $0.25 
Board [Ts Js Jh]
Seat 1: blistein (big blind) folded before Flop
Seat 2: Melenya collected ($4.75)
Seat 3: 7bekon7 folded before Flop (didn't bet)
Seat 4: ponchua folded before Flop (didn't bet)
Seat 5: fobot21 (button) folded before Flop (didn't bet)
Seat 6: Edi131313 (small blind) folded on the Flop



PokerStars Hand #254480696049:  Hold'em No Limit ($0.50/$1.00 USD) - 2025/01/21 6:03:04 WET [2025/01/21 1:03:04 ET]
Table 'Achernar III' 6-max Seat #6 is the button
Seat 1: blistein ($103.78 in chips) 
Seat 2: Melenya ($108.26 in chips) 
Seat 3: 7bekon7 ($128.43 in chips) 
Seat 4: ponchua ($100.98 in chips) 
Seat 5: fobot21 ($100 in chips) 
Seat 6: Edi131313 ($71.16 in chips) 
blistein: posts small blind $0.50
Melenya: posts big blind $1
*** HOLE CARDS ***
7bekon7: folds 
ponchua: folds 
fobot21: folds 
Edi131313: raises $2 to $3
blistein: folds 
Melenya: calls $2
*** FLOP *** [Ts Tc 4c]
Melenya: checks 
Edi131313: bets $3.09
Melenya: raises $6.18 to $9.27
Edi131313: calls $6.18
*** TURN *** [Ts Tc 4c] [7h]
Melenya: bets $7.14
Edi131313: calls $7.14
*** RIVER *** [Ts Tc 4c 7h] [7d]
Melenya: bets $56.03
Edi131313: calls $51.75 and is all-in
Uncalled bet ($4.28) returned to Melenya
*** SHOW DOWN ***
Melenya: shows [4d 5d] (two pair, Tens and Sevens)
Edi131313: shows [Kc 7c] (a full house, Sevens full of Tens)
Edi131313 collected $140.32 from pot
*** SUMMARY ***
Total pot $142.82 | Rake $2.50 
Board [Ts Tc 4c 7h 7d]
Seat 1: blistein (small blind) folded before Flop
Seat 2: Melenya (big blind) showed [4d 5d] and lost with two pair, Tens and Sevens
Seat 3: 7bekon7 folded before Flop (didn't bet)
Seat 4: ponchua folded before Flop (didn't bet)
Seat 5: fobot21 folded before Flop (didn't bet)
Seat 6: Edi131313 (button) showed [Kc 7c] and won ($140.32) with a full house, Sevens full of Tens



PokerStars Hand #254480700656:  Hold'em No Limit ($0.50/$1.00 USD) - 2025/01/21 6:04:10 WET [2025/01/21 1:04:10 ET]
Table 'Achernar III' 6-max Seat #1 is the button
Seat 1: blistein ($103.28 in chips) 
Seat 2: Melenya ($100 in chips) 
Seat 3: 7bekon7 ($128.43 in chips) 
Seat 4: ponchua ($100.98 in chips) 
Seat 5: fobot21 ($100 in chips) 
Seat 6: Edi131313 ($140.32 in chips) 
Melenya: posts small blind $0.50
7bekon7: posts big blind $1
*** HOLE CARDS ***
ponchua: folds 
fobot21: folds 
Edi131313: folds 
ponchua leaves the table
blistein: raises $1.50 to $2.50
Melenya: folds 
BoyLoc0 joins the table at seat #4 
7bekon7: calls $1.50
*** FLOP *** [8d 5d 9s]
7bekon7: checks 
blistein: checks 
*** TURN *** [8d 5d 9s] [Ah]
7bekon7: checks 
blistein: bets $3.92
7bekon7: calls $3.92
*** RIVER *** [8d 5d 9s Ah] [8h]
7bekon7: checks 
blistein: checks 
*** SHOW DOWN ***
7bekon7: shows [5h 6h] (two pair, Eights and Fives)
blistein: shows [4d Ad] (two pair, Aces and Eights)
blistein collected $12.67 from pot
*** SUMMARY ***
Total pot $13.34 | Rake $0.67 
Board [8d 5d 9s Ah 8h]
Seat 1: blistein (button) showed [4d Ad] and won ($12.67) with two pair, Aces and Eights
Seat 2: Melenya (small blind) folded before Flop
Seat 3: 7bekon7 (big blind) showed [5h 6h] and lost with two pair, Eights and Fives
Seat 4: ponchua folded before Flop (didn't bet)
Seat 5: fobot21 folded before Flop (didn't bet)
Seat 6: Edi131313 folded before Flop (didn't bet)



PokerStars Hand #254480706121:  Hold'em No Limit ($0.50/$1.00 USD) - 2025/01/21 6:05:27 WET [2025/01/21 1:05:27 ET]
Table 'Achernar III' 6-max Seat #2 is the button
Seat 1: blistein ($109.53 in chips) 
Seat 2: Melenya ($100 in chips) 
Seat 3: 7bekon7 ($122.01 in chips) 
Seat 4: BoyLoc0 ($100 in chips) 
Seat 5: fobot21 ($100 in chips) 
Seat 6: Edi131313 ($140.32 in chips) 
7bekon7: posts small blind $0.50
BoyLoc0: posts big blind $1
*** HOLE CARDS ***
fobot21: raises $1 to $2
Edi131313: folds 
blistein: folds 
Melenya: folds 
7bekon7: folds 
BoyLoc0: calls $1
*** FLOP *** [6c 2c Jd]
BoyLoc0: checks 
fobot21: checks 
*** TURN *** [6c 2c Jd] [Tc]
BoyLoc0: checks 
fobot21: bets $2.78
BoyLoc0: folds 
Uncalled bet ($2.78) returned to fobot21
fobot21 collected $4.28 from pot
fobot21: doesn't show hand 
*** SUMMARY ***
Total pot $4.50 | Rake $0.22 
Board [6c 2c Jd Tc]
Seat 1: blistein folded before Flop (didn't bet)
Seat 2: Melenya (button) folded before Flop (didn't bet)
Seat 3: 7bekon7 (small blind) folded before Flop
Seat 4: BoyLoc0 (big blind) folded on the Turn
Seat 5: fobot21 collected ($4.28)
Seat 6: Edi131313 folded before Flop (didn't bet)



PokerStars Hand #254480709695:  Hold'em No Limit ($0.50/$1.00 USD) - 2025/01/21 6:06:18 WET [2025/01/21 1:06:18 ET]
Table 'Achernar III' 6-max Seat #3 is the button
Seat 1: blistein ($109.53 in chips) 
Seat 2: Melenya ($100 in chips) 
Seat 3: 7bekon7 ($121.51 in chips) 
Seat 4: BoyLoc0 ($100 in chips) 
Seat 5: fobot21 ($102.28 in chips) 
Seat 6: Edi131313 ($140.32 in chips) 
BoyLoc0: posts small blind $0.50
fobot21: posts big blind $1
*** HOLE CARDS ***
Edi131313: folds 
Edi131313 leaves the table
blistein: folds 
Melenya: folds 
7bekon7: raises $1.25 to $2.25
BoyLoc0: folds 
fobot21: folds 
Uncalled bet ($1.25) returned to 7bekon7
7bekon7 collected $2.50 from pot
Kristo 914 joins the table at seat #6 
7bekon7: doesn't show hand 
*** SUMMARY ***
Total pot $2.50 | Rake $0 
Seat 1: blistein folded before Flop (didn't bet)
Seat 2: Melenya folded before Flop (didn't bet)
Seat 3: 7bekon7 (button) collected ($2.50)
Seat 4: BoyLoc0 (small blind) folded before Flop
Seat 5: fobot21 (big blind) folded before Flop
Seat 6: Edi131313 folded before Flop (didn't bet)



PokerStars Hand #254480711018:  Hold'em No Limit ($0.50/$1.00 USD) - 2025/01/21 6:06:37 WET [2025/01/21 1:06:37 ET]
Table 'Achernar III' 6-max Seat #4 is the button
Seat 1: blistein ($109.53 in chips) 
Seat 2: Melenya ($100 in chips) 
Seat 3: 7bekon7 ($123.01 in chips) 
Seat 4: BoyLoc0 ($100 in chips) 
Seat 5: fobot21 ($101.28 in chips) 
Seat 6: Kristo 914 ($100 in chips) 
fobot21: posts small blind $0.50
Kristo 914: posts big blind $1
*** HOLE CARDS ***
blistein: folds 
blistein leaves the table
Melenya: folds 
7bekon7: raises $1.25 to $2.25
BoyLoc0: folds 
fobot21: folds 
Kristo 914: folds 
Uncalled bet ($1.25) returned to 7bekon7
7bekon7 collected $2.50 from pot
7bekon7: doesn't show hand 
*** SUMMARY ***
Total pot $2.50 | Rake $0 
Seat 1: blistein folded before Flop (didn't bet)
Seat 2: Melenya folded before Flop (didn't bet)
Seat 3: 7bekon7 collected ($2.50)
Seat 4: BoyLoc0 (button) folded before Flop (didn't bet)
Seat 5: fobot21 (small blind) folded before Flop
Seat 6: Kristo 914 (big blind) folded before Flop



