PokerStars Hand #254493980417:  Hold'em No Limit ($0.50/$1.00 USD) - 2025/01/21 2:05:03 WET [2025/01/21 21:05:03 ET]
Table 'Neshmet III' 6-max Seat #5 is the button
Seat 1: VultureFulvus ($102.50 in chips) 
Seat 2: ptolejmus ($10 in chips) 
Seat 3: EasyGamerrr ($101.97 in chips) 
Seat 4: avlee1 ($100 in chips) 
Seat 5: Kreayshawn ($100 in chips) 
Seat 6: GuigaMan ($110.50 in chips) 
GuigaMan: posts small blind $0.50
VultureFulvus: posts big blind $1
*** HOLE CARDS ***
ptolejmus: folds 
EasyGamerrr: folds 
avlee1: folds 
Kreayshawn: raises $1.50 to $2.50
GuigaMan: raises $8.50 to $11
VultureFulvus: folds 
Kreayshawn: calls $8.50
*** FLOP *** [As Ad 5s]
GuigaMan: bets $4
Kreayshawn: calls $4
*** TURN *** [As Ad 5s] [Th]
GuigaMan: bets $8.84
Kreayshawn: calls $8.84
*** RIVER *** [As Ad 5s Th] [Ah]
GuigaMan: bets $13.88
Kreayshawn: calls $13.88
*** SHOW DOWN ***
GuigaMan: shows [Js Ac] (four of a kind, Aces)
Kreayshawn: mucks hand 
GuigaMan collected $73.94 from pot
*** SUMMARY ***
Total pot $76.44 | Rake $2.50 
Board [As Ad 5s Th Ah]
Seat 1: VultureFulvus (big blind) folded before Flop
Seat 2: ptolejmus folded before Flop (didn't bet)
Seat 3: EasyGamerrr folded before Flop (didn't bet)
Seat 4: avlee1 folded before Flop (didn't bet)
Seat 5: Kreayshawn (button) mucked
Seat 6: GuigaMan (small blind) showed [Js Ac] and won ($73.94) with four of a kind, Aces



PokerStars Hand #254493992335:  Hold'em No Limit ($0.50/$1.00 USD) - 2025/01/21 2:06:17 WET [2025/01/21 21:06:17 ET]
Table 'Neshmet III' 6-max Seat #6 is the button
Seat 1: VultureFulvus ($101.50 in chips) 
Seat 2: ptolejmus ($10 in chips) 
Seat 3: EasyGamerrr ($101.97 in chips) 
Seat 4: avlee1 ($100 in chips) 
Seat 5: Kreayshawn ($100 in chips) 
Seat 6: GuigaMan ($146.72 in chips) 
VultureFulvus: posts small blind $0.50
ptolejmus: posts big blind $1
*** HOLE CARDS ***
EasyGamerrr: folds 
avlee1: folds 
Kreayshawn: folds 
GuigaMan: raises $1.10 to $2.10
VultureFulvus: folds 
ptolejmus: folds 
Uncalled bet ($1.10) returned to GuigaMan
GuigaMan collected $2.50 from pot
*** SUMMARY ***
Total pot $2.50 | Rake $0 
Seat 1: VultureFulvus (small blind) folded before Flop
Seat 2: ptolejmus (big blind) folded before Flop
Seat 3: EasyGamerrr folded before Flop (didn't bet)
Seat 4: avlee1 folded before Flop (didn't bet)
Seat 5: Kreayshawn folded before Flop (didn't bet)
Seat 6: GuigaMan (button) collected ($2.50)



PokerStars Hand #254493995676:  Hold'em No Limit ($0.50/$1.00 USD) - 2025/01/21 2:06:38 WET [2025/01/21 21:06:38 ET]
Table 'Neshmet III' 6-max Seat #1 is the button
Seat 1: VultureFulvus ($101 in chips) 
Seat 2: ptolejmus ($10 in chips) 
Seat 3: EasyGamerrr ($101.97 in chips) 
Seat 4: avlee1 ($100 in chips) 
Seat 5: Kreayshawn ($100 in chips) 
Seat 6: GuigaMan ($148.22 in chips) 
ptolejmus: posts small blind $0.50
EasyGamerrr: posts big blind $1
*** HOLE CARDS ***
avlee1: folds 
Kreayshawn: raises $1.50 to $2.50
GuigaMan: folds 
VultureFulvus: raises $5.50 to $8
ptolejmus: folds 
EasyGamerrr: folds 
Kreayshawn: calls $5.50
*** FLOP *** [Kh 2c 4s]
Kreayshawn: checks 
VultureFulvus: bets $7.31
Kreayshawn: folds 
Uncalled bet ($7.31) returned to VultureFulvus
VultureFulvus collected $16.62 from pot
*** SUMMARY ***
Total pot $17.50 | Rake $0.88 
Board [Kh 2c 4s]
Seat 1: VultureFulvus (button) collected ($16.62)
Seat 2: ptolejmus (small blind) folded before Flop
Seat 3: EasyGamerrr (big blind) folded before Flop
Seat 4: avlee1 folded before Flop (didn't bet)
Seat 5: Kreayshawn folded on the Flop
Seat 6: GuigaMan folded before Flop (didn't bet)



PokerStars Hand #254494001978:  Hold'em No Limit ($0.50/$1.00 USD) - 2025/01/21 2:07:17 WET [2025/01/21 21:07:17 ET]
Table 'Neshmet III' 6-max Seat #2 is the button
Seat 1: VultureFulvus ($109.62 in chips) 
Seat 2: ptolejmus ($10 in chips) 
Seat 3: EasyGamerrr ($100.97 in chips) 
Seat 4: avlee1 ($100 in chips) 
Seat 5: Kreayshawn ($100 in chips) 
Seat 6: GuigaMan ($148.22 in chips) 
EasyGamerrr: posts small blind $0.50
avlee1: posts big blind $1
*** HOLE CARDS ***
Kreayshawn: folds 
GuigaMan: folds 
VultureFulvus: raises $3 to $4
ptolejmus: folds 
EasyGamerrr: folds 
avlee1: folds 
Uncalled bet ($3) returned to VultureFulvus
VultureFulvus collected $2.50 from pot
*** SUMMARY ***
Total pot $2.50 | Rake $0 
Seat 1: VultureFulvus collected ($2.50)
Seat 2: ptolejmus (button) folded before Flop (didn't bet)
Seat 3: EasyGamerrr (small blind) folded before Flop
Seat 4: avlee1 (big blind) folded before Flop
Seat 5: Kreayshawn folded before Flop (didn't bet)
Seat 6: GuigaMan folded before Flop (didn't bet)



PokerStars Hand #254494005985:  Hold'em No Limit ($0.50/$1.00 USD) - 2025/01/21 2:07:42 WET [2025/01/21 21:07:42 ET]
Table 'Neshmet III' 6-max Seat #3 is the button
Seat 1: VultureFulvus ($111.12 in chips) 
Seat 2: ptolejmus ($10 in chips) 
Seat 3: EasyGamerrr ($100.47 in chips) 
Seat 4: avlee1 ($100 in chips) 
Seat 5: Kreayshawn ($100 in chips) 
Seat 6: GuigaMan ($148.22 in chips) 
avlee1: posts small blind $0.50
Kreayshawn: posts big blind $1
*** HOLE CARDS ***
GuigaMan: folds 
VultureFulvus: folds 
ptolejmus: raises $9 to $10 and is all-in
EasyGamerrr: folds 
avlee1: folds 
Kreayshawn: folds 
Uncalled bet ($9) returned to ptolejmus
ptolejmus collected $2.50 from pot
*** SUMMARY ***
Total pot $2.50 | Rake $0 
Seat 1: VultureFulvus folded before Flop (didn't bet)
Seat 2: ptolejmus collected ($2.50)
Seat 3: EasyGamerrr (button) folded before Flop (didn't bet)
Seat 4: avlee1 (small blind) folded before Flop
Seat 5: Kreayshawn (big blind) folded before Flop
Seat 6: GuigaMan folded before Flop (didn't bet)



PokerStars Hand #254494009017:  Hold'em No Limit ($0.50/$1.00 USD) - 2025/01/21 2:08:01 WET [2025/01/21 21:08:01 ET]
Table 'Neshmet III' 6-max Seat #4 is the button
Seat 1: VultureFulvus ($111.12 in chips) 
Seat 2: ptolejmus ($11.50 in chips) 
Seat 3: EasyGamerrr ($100.47 in chips) 
Seat 4: avlee1 ($100 in chips) 
Seat 5: Kreayshawn ($100 in chips) 
Seat 6: GuigaMan ($148.22 in chips) 
Kreayshawn: posts small blind $0.50
GuigaMan: posts big blind $1
*** HOLE CARDS ***
VultureFulvus: folds 
ptolejmus: folds 
EasyGamerrr: folds 
avlee1: raises $1.50 to $2.50
Kreayshawn: folds 
GuigaMan: folds 
Uncalled bet ($1.50) returned to avlee1
avlee1 collected $2.50 from pot
avlee1: doesn't show hand 
*** SUMMARY ***
Total pot $2.50 | Rake $0 
Seat 1: VultureFulvus folded before Flop (didn't bet)
Seat 2: ptolejmus folded before Flop (didn't bet)
Seat 3: EasyGamerrr folded before Flop (didn't bet)
Seat 4: avlee1 (button) collected ($2.50)
Seat 5: Kreayshawn (small blind) folded before Flop
Seat 6: GuigaMan (big blind) folded before Flop



PokerStars Hand #254494012407:  Hold'em No Limit ($0.50/$1.00 USD) - 2025/01/21 2:08:22 WET [2025/01/21 21:08:22 ET]
Table 'Neshmet III' 6-max Seat #5 is the button
Seat 1: VultureFulvus ($111.12 in chips) 
Seat 2: ptolejmus ($11.50 in chips) 
Seat 3: EasyGamerrr ($100.47 in chips) 
Seat 4: avlee1 ($101.50 in chips) 
Seat 5: Kreayshawn ($100 in chips) 
Seat 6: GuigaMan ($147.22 in chips) 
GuigaMan: posts small blind $0.50
VultureFulvus: posts big blind $1
*** HOLE CARDS ***
ptolejmus: folds 
EasyGamerrr: folds 
avlee1: folds 
Kreayshawn: raises $1.50 to $2.50
GuigaMan: folds 
VultureFulvus: raises $5.50 to $8
Kreayshawn: calls $5.50
*** FLOP *** [4c 4d 2s]
VultureFulvus: bets $7.84
Kreayshawn: calls $7.84
*** TURN *** [4c 4d 2s] [Ts]
VultureFulvus: bets $10.29
Kreayshawn: folds 
Uncalled bet ($10.29) returned to VultureFulvus
VultureFulvus collected $30.57 from pot
*** SUMMARY ***
Total pot $32.18 | Rake $1.61 
Board [4c 4d 2s Ts]
Seat 1: VultureFulvus (big blind) collected ($30.57)
Seat 2: ptolejmus folded before Flop (didn't bet)
Seat 3: EasyGamerrr folded before Flop (didn't bet)
Seat 4: avlee1 folded before Flop (didn't bet)
Seat 5: Kreayshawn (button) folded on the Turn
Seat 6: GuigaMan (small blind) folded before Flop



PokerStars Hand #254494019910:  Hold'em No Limit ($0.50/$1.00 USD) - 2025/01/21 2:09:09 WET [2025/01/21 21:09:09 ET]
Table 'Neshmet III' 6-max Seat #6 is the button
Seat 1: VultureFulvus ($125.85 in chips) 
Seat 2: ptolejmus ($11.50 in chips) 
Seat 3: EasyGamerrr ($100.47 in chips) 
Seat 4: avlee1 ($101.50 in chips) 
Seat 5: Kreayshawn ($100 in chips) 
Seat 6: GuigaMan ($146.72 in chips) 
VultureFulvus: posts small blind $0.50
ptolejmus: posts big blind $1
*** HOLE CARDS ***
EasyGamerrr: folds 
avlee1: folds 
Kreayshawn: folds 
GuigaMan: folds 
VultureFulvus: raises $2 to $3
ptolejmus: calls $2
*** FLOP *** [3c 2h Js]
VultureFulvus: bets $122.85 and is all-in
ptolejmus: folds 
Uncalled bet ($122.85) returned to VultureFulvus
VultureFulvus collected $5.70 from pot
*** SUMMARY ***
Total pot $6 | Rake $0.30 
Board [3c 2h Js]
Seat 1: VultureFulvus (small blind) collected ($5.70)
Seat 2: ptolejmus (big blind) folded on the Flop
Seat 3: EasyGamerrr folded before Flop (didn't bet)
Seat 4: avlee1 folded before Flop (didn't bet)
Seat 5: Kreayshawn folded before Flop (didn't bet)
Seat 6: GuigaMan (button) folded before Flop (didn't bet)



PokerStars Hand #254494024992:  Hold'em No Limit ($0.50/$1.00 USD) - 2025/01/21 2:09:41 WET [2025/01/21 21:09:41 ET]
Table 'Neshmet III' 6-max Seat #1 is the button
Seat 1: VultureFulvus ($128.55 in chips) 
Seat 2: ptolejmus ($10 in chips) 
Seat 3: EasyGamerrr ($100.47 in chips) 
Seat 4: avlee1 ($101.50 in chips) 
Seat 5: Kreayshawn ($100 in chips) 
Seat 6: GuigaMan ($146.72 in chips) 
ptolejmus: posts small blind $0.50
EasyGamerrr: posts big blind $1
*** HOLE CARDS ***
avlee1: folds 
Kreayshawn: raises $1.50 to $2.50
GuigaMan: folds 
VultureFulvus: folds 
ptolejmus: folds 
EasyGamerrr: folds 
Uncalled bet ($1.50) returned to Kreayshawn
Kreayshawn collected $2.50 from pot
*** SUMMARY ***
Total pot $2.50 | Rake $0 
Seat 1: VultureFulvus (button) folded before Flop (didn't bet)
Seat 2: ptolejmus (small blind) folded before Flop
Seat 3: EasyGamerrr (big blind) folded before Flop
Seat 4: avlee1 folded before Flop (didn't bet)
Seat 5: Kreayshawn collected ($2.50)
Seat 6: GuigaMan folded before Flop (didn't bet)



PokerStars Hand #254494028153:  Hold'em No Limit ($0.50/$1.00 USD) - 2025/01/21 2:10:01 WET [2025/01/21 21:10:01 ET]
Table 'Neshmet III' 6-max Seat #2 is the button
Seat 1: VultureFulvus ($128.55 in chips) 
Seat 2: ptolejmus ($10 in chips) 
Seat 3: EasyGamerrr ($100 in chips) 
Seat 4: avlee1 ($101.50 in chips) 
Seat 5: Kreayshawn ($101.50 in chips) 
Seat 6: GuigaMan ($146.72 in chips) 
EasyGamerrr: posts small blind $0.50
avlee1: posts big blind $1
*** HOLE CARDS ***
Kreayshawn: folds 
GuigaMan: folds 
VultureFulvus: folds 
ptolejmus: raises $1 to $2
EasyGamerrr: folds 
avlee1: folds 
Uncalled bet ($1) returned to ptolejmus
ptolejmus collected $2.50 from pot
*** SUMMARY ***
Total pot $2.50 | Rake $0 
Seat 1: VultureFulvus folded before Flop (didn't bet)
Seat 2: ptolejmus (button) collected ($2.50)
Seat 3: EasyGamerrr (small blind) folded before Flop
Seat 4: avlee1 (big blind) folded before Flop
Seat 5: Kreayshawn folded before Flop (didn't bet)
Seat 6: GuigaMan folded before Flop (didn't bet)



PokerStars Hand #254494032419:  Hold'em No Limit ($0.50/$1.00 USD) - 2025/01/21 2:10:28 WET [2025/01/21 21:10:28 ET]
Table 'Neshmet III' 6-max Seat #3 is the button
Seat 1: VultureFulvus ($128.55 in chips) 
Seat 2: ptolejmus ($11.50 in chips) 
Seat 3: EasyGamerrr ($100 in chips) 
Seat 4: avlee1 ($100.50 in chips) 
Seat 5: Kreayshawn ($101.50 in chips) 
Seat 6: GuigaMan ($146.72 in chips) 
avlee1: posts small blind $0.50
Kreayshawn: posts big blind $1
*** HOLE CARDS ***
GuigaMan: folds 
VultureFulvus: folds 
ptolejmus: raises $1 to $2
EasyGamerrr: folds 
avlee1: folds 
Kreayshawn: raises $23 to $25
ptolejmus: folds 
Uncalled bet ($23) returned to Kreayshawn
Kreayshawn collected $4.50 from pot
*** SUMMARY ***
Total pot $4.50 | Rake $0 
Seat 1: VultureFulvus folded before Flop (didn't bet)
Seat 2: ptolejmus folded before Flop
Seat 3: EasyGamerrr (button) folded before Flop (didn't bet)
Seat 4: avlee1 (small blind) folded before Flop
Seat 5: Kreayshawn (big blind) collected ($4.50)
Seat 6: GuigaMan folded before Flop (didn't bet)



PokerStars Hand #254494038477:  Hold'em No Limit ($0.50/$1.00 USD) - 2025/01/21 2:11:06 WET [2025/01/21 21:11:06 ET]
Table 'Neshmet III' 6-max Seat #4 is the button
Seat 1: VultureFulvus ($128.55 in chips) 
Seat 2: ptolejmus ($10 in chips) 
Seat 3: EasyGamerrr ($100 in chips) 
Seat 4: avlee1 ($100 in chips) 
Seat 5: Kreayshawn ($104 in chips) 
Seat 6: GuigaMan ($146.72 in chips) 
Kreayshawn: posts small blind $0.50
GuigaMan: posts big blind $1
*** HOLE CARDS ***
VultureFulvus: folds 
ptolejmus: folds 
EasyGamerrr: raises $1.50 to $2.50
avlee1: folds 
Kreayshawn: folds 
GuigaMan: folds 
Uncalled bet ($1.50) returned to EasyGamerrr
EasyGamerrr collected $2.50 from pot
EasyGamerrr: doesn't show hand 
*** SUMMARY ***
Total pot $2.50 | Rake $0 
Seat 1: VultureFulvus folded before Flop (didn't bet)
Seat 2: ptolejmus folded before Flop (didn't bet)
Seat 3: EasyGamerrr collected ($2.50)
Seat 4: avlee1 (button) folded before Flop (didn't bet)
Seat 5: Kreayshawn (small blind) folded before Flop
Seat 6: GuigaMan (big blind) folded before Flop



PokerStars Hand #254494040887:  Hold'em No Limit ($0.50/$1.00 USD) - 2025/01/21 2:11:22 WET [2025/01/21 21:11:22 ET]
Table 'Neshmet III' 6-max Seat #5 is the button
Seat 1: VultureFulvus ($128.55 in chips) 
Seat 2: ptolejmus ($10 in chips) 
Seat 3: EasyGamerrr ($101.50 in chips) 
Seat 4: avlee1 ($100 in chips) 
Seat 5: Kreayshawn ($103.50 in chips) 
Seat 6: GuigaMan ($145.72 in chips) 
GuigaMan: posts small blind $0.50
VultureFulvus: posts big blind $1
*** HOLE CARDS ***
ptolejmus: folds 
EasyGamerrr: folds 
avlee1: folds 
Kreayshawn: raises $1.50 to $2.50
GuigaMan: folds 
VultureFulvus: calls $1.50
*** FLOP *** [Qs Jd 7h]
VultureFulvus: checks 
Kreayshawn: bets $4.02
VultureFulvus: folds 
Uncalled bet ($4.02) returned to Kreayshawn
Kreayshawn collected $5.22 from pot
*** SUMMARY ***
Total pot $5.50 | Rake $0.28 
Board [Qs Jd 7h]
Seat 1: VultureFulvus (big blind) folded on the Flop
Seat 2: ptolejmus folded before Flop (didn't bet)
Seat 3: EasyGamerrr folded before Flop (didn't bet)
Seat 4: avlee1 folded before Flop (didn't bet)
Seat 5: Kreayshawn (button) collected ($5.22)
Seat 6: GuigaMan (small blind) folded before Flop



PokerStars Hand #254494047260:  Hold'em No Limit ($0.50/$1.00 USD) - 2025/01/21 2:12:02 WET [2025/01/21 21:12:02 ET]
Table 'Neshmet III' 6-max Seat #6 is the button
Seat 1: VultureFulvus ($126.05 in chips) 
Seat 2: ptolejmus ($10 in chips) 
Seat 3: EasyGamerrr ($101.50 in chips) 
Seat 4: avlee1 ($100 in chips) 
Seat 5: Kreayshawn ($106.22 in chips) 
Seat 6: GuigaMan ($145.22 in chips) 
VultureFulvus: posts small blind $0.50
ptolejmus: posts big blind $1
*** HOLE CARDS ***
EasyGamerrr: raises $1.50 to $2.50
avlee1: folds 
Kreayshawn: raises $5.50 to $8
GuigaMan: folds 
VultureFulvus: folds 
ptolejmus: folds 
EasyGamerrr: folds 
Uncalled bet ($5.50) returned to Kreayshawn
Kreayshawn collected $6.50 from pot
*** SUMMARY ***
Total pot $6.50 | Rake $0 
Seat 1: VultureFulvus (small blind) folded before Flop
Seat 2: ptolejmus (big blind) folded before Flop
Seat 3: EasyGamerrr folded before Flop
Seat 4: avlee1 folded before Flop (didn't bet)
Seat 5: Kreayshawn collected ($6.50)
Seat 6: GuigaMan (button) folded before Flop (didn't bet)



PokerStars Hand #254494050875:  Hold'em No Limit ($0.50/$1.00 USD) - 2025/01/21 2:12:25 WET [2025/01/21 21:12:25 ET]
Table 'Neshmet III' 6-max Seat #1 is the button
Seat 1: VultureFulvus ($125.55 in chips) 
Seat 2: ptolejmus ($10 in chips) 
Seat 3: EasyGamerrr ($100 in chips) 
Seat 4: avlee1 ($100 in chips) 
Seat 5: Kreayshawn ($110.22 in chips) 
Seat 6: GuigaMan ($145.22 in chips) 
ptolejmus: posts small blind $0.50
EasyGamerrr: posts big blind $1
*** HOLE CARDS ***
avlee1: raises $1.50 to $2.50
Kreayshawn: calls $2.50
GuigaMan: folds 
VultureFulvus: calls $2.50
ptolejmus: folds 
EasyGamerrr: folds 
*** FLOP *** [2s 5d 5c]
avlee1: bets $2.39
Kreayshawn: folds 
VultureFulvus: raises $4.39 to $6.78
avlee1: calls $4.39
*** TURN *** [2s 5d 5c] [9c]
avlee1: checks 
VultureFulvus: bets $9.72
avlee1: calls $9.72
*** RIVER *** [2s 5d 5c 9c] [Jh]
avlee1: checks 
VultureFulvus: bets $24.95
avlee1: folds 
Uncalled bet ($24.95) returned to VultureFulvus
VultureFulvus collected $39.90 from pot
*** SUMMARY ***
Total pot $42 | Rake $2.10 
Board [2s 5d 5c 9c Jh]
Seat 1: VultureFulvus (button) collected ($39.90)
Seat 2: ptolejmus (small blind) folded before Flop
Seat 3: EasyGamerrr (big blind) folded before Flop
Seat 4: avlee1 folded on the River
Seat 5: Kreayshawn folded on the Flop
Seat 6: GuigaMan folded before Flop (didn't bet)



PokerStars Hand #254494074439:  Hold'em No Limit ($0.50/$1.00 USD) - 2025/01/21 2:14:56 WET [2025/01/21 21:14:56 ET]
Table 'Neshmet III' 6-max Seat #2 is the button
Seat 1: VultureFulvus ($146.45 in chips) 
Seat 2: ptolejmus ($10 in chips) 
Seat 3: EasyGamerrr ($100 in chips) 
Seat 4: avlee1 ($100 in chips) 
Seat 5: Kreayshawn ($107.72 in chips) 
Seat 6: GuigaMan ($145.22 in chips) 
EasyGamerrr: posts small blind $0.50
avlee1: posts big blind $1
*** HOLE CARDS ***
Kreayshawn: folds 
GuigaMan: folds 
VultureFulvus: raises $2 to $3
ptolejmus: folds 
EasyGamerrr: folds 
avlee1: folds 
Uncalled bet ($2) returned to VultureFulvus
VultureFulvus collected $2.50 from pot
*** SUMMARY ***
Total pot $2.50 | Rake $0 
Seat 1: VultureFulvus collected ($2.50)
Seat 2: ptolejmus (button) folded before Flop (didn't bet)
Seat 3: EasyGamerrr (small blind) folded before Flop
Seat 4: avlee1 (big blind) folded before Flop
Seat 5: Kreayshawn folded before Flop (didn't bet)
Seat 6: GuigaMan folded before Flop (didn't bet)



PokerStars Hand #254494078618:  Hold'em No Limit ($0.50/$1.00 USD) - 2025/01/21 2:15:24 WET [2025/01/21 21:15:24 ET]
Table 'Neshmet III' 6-max Seat #3 is the button
Seat 5: Kreayshawn ($107.72 in chips) is sitting out
Seat 1: VultureFulvus ($147.95 in chips) 
Seat 2: ptolejmus ($10 in chips) 
Seat 3: EasyGamerrr ($100 in chips) 
Seat 4: avlee1 ($100 in chips) 
Seat 6: GuigaMan ($145.22 in chips) 
avlee1: posts small blind $0.50
Kreayshawn: is sitting out 
GuigaMan: posts big blind $1
*** HOLE CARDS ***
VultureFulvus: folds 
ptolejmus: folds 
EasyGamerrr: folds 
avlee1: raises $2 to $3
GuigaMan: folds 
Uncalled bet ($2) returned to avlee1
avlee1 collected $2 from pot
avlee1: doesn't show hand 
*** SUMMARY ***
Total pot $2 | Rake $0 
Seat 5: Kreayshawn
Seat 1: VultureFulvus folded before Flop (didn't bet)
Seat 2: ptolejmus folded before Flop (didn't bet)
Seat 3: EasyGamerrr (button) folded before Flop (didn't bet)
Seat 4: avlee1 (small blind) collected ($2)
Seat 6: GuigaMan (big blind) folded before Flop



PokerStars Hand #254494082288:  Hold'em No Limit ($0.50/$1.00 USD) - 2025/01/21 2:15:47 WET [2025/01/21 21:15:47 ET]
Table 'Neshmet III' 6-max Seat #4 is the button
Seat 5: Kreayshawn ($107.72 in chips) is sitting out
Seat 1: VultureFulvus ($147.95 in chips) 
Seat 2: ptolejmus ($10 in chips) 
Seat 3: EasyGamerrr ($100 in chips) 
Seat 4: avlee1 ($101 in chips) 
Seat 6: GuigaMan ($144.22 in chips) 
GuigaMan: posts small blind $0.50
VultureFulvus: posts big blind $1
*** HOLE CARDS ***
ptolejmus: folds 
Kreayshawn leaves the table
EasyGamerrr: raises $1.50 to $2.50
avlee1: folds 
GuigaMan: folds 
VultureFulvus: calls $1.50
*** FLOP *** [Qc Ac As]
VultureFulvus: checks 
EasyGamerrr: bets $1.72
VultureFulvus: calls $1.72
*** TURN *** [Qc Ac As] [8s]
VultureFulvus: checks 
EasyGamerrr: bets $11.46
VultureFulvus: folds 
Uncalled bet ($11.46) returned to EasyGamerrr
EasyGamerrr collected $8.49 from pot
EasyGamerrr: doesn't show hand 
*** SUMMARY ***
Total pot $8.94 | Rake $0.45 
Board [Qc Ac As 8s]
Seat 5: Kreayshawn
Seat 1: VultureFulvus (big blind) folded on the Turn
Seat 2: ptolejmus folded before Flop (didn't bet)
Seat 3: EasyGamerrr collected ($8.49)
Seat 4: avlee1 (button) folded before Flop (didn't bet)
Seat 6: GuigaMan (small blind) folded before Flop



PokerStars Hand #254494090104:  Hold'em No Limit ($0.50/$1.00 USD) - 2025/01/21 2:16:38 WET [2025/01/21 21:16:38 ET]
Table 'Neshmet III' 6-max Seat #6 is the button
Seat 1: VultureFulvus ($143.73 in chips) 
Seat 2: ptolejmus ($10 in chips) 
Seat 3: EasyGamerrr ($104.27 in chips) 
Seat 4: avlee1 ($101 in chips) 
Seat 6: GuigaMan ($143.72 in chips) 
VultureFulvus: posts small blind $0.50
ptolejmus: posts big blind $1
*** HOLE CARDS ***
EasyGamerrr: folds 
avlee1: folds 
GuigaMan: folds 
VultureFulvus: calls $0.50
ptolejmus: checks 
*** FLOP *** [5c 7s 8d]
VultureFulvus: checks 
ptolejmus: checks 
*** TURN *** [5c 7s 8d] [4c]
vezis3 joins the table at seat #5 
VultureFulvus: bets $1
ptolejmus: folds 
Uncalled bet ($1) returned to VultureFulvus
VultureFulvus collected $1.90 from pot
*** SUMMARY ***
Total pot $2 | Rake $0.10 
Board [5c 7s 8d 4c]
Seat 1: VultureFulvus (small blind) collected ($1.90)
Seat 2: ptolejmus (big blind) folded on the Turn
Seat 3: EasyGamerrr folded before Flop (didn't bet)
Seat 4: avlee1 folded before Flop (didn't bet)
Seat 6: GuigaMan (button) folded before Flop (didn't bet)



PokerStars Hand #254494096000:  Hold'em No Limit ($0.50/$1.00 USD) - 2025/01/21 2:17:17 WET [2025/01/21 21:17:17 ET]
Table 'Neshmet III' 6-max Seat #1 is the button
Seat 5: vezis3 ($100 in chips) is sitting out
Seat 1: VultureFulvus ($144.63 in chips) 
Seat 2: ptolejmus ($10 in chips) 
Seat 3: EasyGamerrr ($104.27 in chips) 
Seat 4: avlee1 ($101 in chips) 
Seat 6: GuigaMan ($143.72 in chips) 
ptolejmus: posts small blind $0.50
EasyGamerrr: posts big blind $1
vezis3: sits out 
*** HOLE CARDS ***
avlee1: folds 
GuigaMan: folds 
VultureFulvus: folds 
ptolejmus: raises $1.25 to $2.25
EasyGamerrr: raises $9.75 to $12
ptolejmus: folds 
Uncalled bet ($9.75) returned to EasyGamerrr
EasyGamerrr collected $4.50 from pot
EasyGamerrr: doesn't show hand 
*** SUMMARY ***
Total pot $4.50 | Rake $0 
Seat 5: vezis3
Seat 1: VultureFulvus (button) folded before Flop (didn't bet)
Seat 2: ptolejmus (small blind) folded before Flop
Seat 3: EasyGamerrr (big blind) collected ($4.50)
Seat 4: avlee1 folded before Flop (didn't bet)
Seat 6: GuigaMan folded before Flop (didn't bet)



PokerStars Hand #254494100040:  Hold'em No Limit ($0.50/$1.00 USD) - 2025/01/21 2:17:44 WET [2025/01/21 21:17:44 ET]
Table 'Neshmet III' 6-max Seat #2 is the button
Seat 4: avlee1 ($101 in chips) is sitting out
Seat 1: VultureFulvus ($144.63 in chips) 
Seat 2: ptolejmus ($10 in chips) 
Seat 3: EasyGamerrr ($106.52 in chips) 
Seat 5: vezis3 ($100 in chips) 
Seat 6: GuigaMan ($143.72 in chips) 
EasyGamerrr: posts small blind $0.50
avlee1: is sitting out 
vezis3: posts big blind $1
*** HOLE CARDS ***
GuigaMan: folds 
VultureFulvus: folds 
avlee1 leaves the table
ptolejmus: folds 
EasyGamerrr: folds 
Uncalled bet ($0.50) returned to vezis3
nikalas22 joins the table at seat #4 
vezis3 collected $1 from pot
vezis3: doesn't show hand 
*** SUMMARY ***
Total pot $1 | Rake $0 
Seat 4: avlee1
Seat 1: VultureFulvus folded before Flop (didn't bet)
Seat 2: ptolejmus (button) folded before Flop (didn't bet)
Seat 3: EasyGamerrr (small blind) folded before Flop
Seat 5: vezis3 (big blind) collected ($1)
Seat 6: GuigaMan folded before Flop (didn't bet)



PokerStars Hand #254494102779:  Hold'em No Limit ($0.50/$1.00 USD) - 2025/01/21 2:18:02 WET [2025/01/21 21:18:02 ET]
Table 'Neshmet III' 6-max Seat #3 is the button
Seat 4: nikalas22 ($100 in chips) is sitting out
Seat 1: VultureFulvus ($144.63 in chips) 
Seat 2: ptolejmus ($10 in chips) 
Seat 3: EasyGamerrr ($106.02 in chips) 
Seat 5: vezis3 ($100.50 in chips) 
Seat 6: GuigaMan ($143.72 in chips) 
vezis3: posts small blind $0.50
GuigaMan: posts big blind $1
*** HOLE CARDS ***
VultureFulvus: folds 
ptolejmus: raises $9 to $10 and is all-in
EasyGamerrr: folds 
vezis3: folds 
GuigaMan: folds 
Uncalled bet ($9) returned to ptolejmus
ptolejmus collected $2.50 from pot
*** SUMMARY ***
Total pot $2.50 | Rake $0 
Seat 4: nikalas22
Seat 1: VultureFulvus folded before Flop (didn't bet)
Seat 2: ptolejmus collected ($2.50)
Seat 3: EasyGamerrr (button) folded before Flop (didn't bet)
Seat 5: vezis3 (small blind) folded before Flop
Seat 6: GuigaMan (big blind) folded before Flop



PokerStars Hand #254494105271:  Hold'em No Limit ($0.50/$1.00 USD) - 2025/01/21 2:18:18 WET [2025/01/21 21:18:18 ET]
Table 'Neshmet III' 6-max Seat #5 is the button
Seat 4: nikalas22 ($100 in chips) is sitting out
Seat 1: VultureFulvus ($144.63 in chips) 
Seat 2: ptolejmus ($11.50 in chips) 
Seat 3: EasyGamerrr ($106.02 in chips) 
Seat 5: vezis3 ($100 in chips) 
Seat 6: GuigaMan ($142.72 in chips) 
GuigaMan: posts small blind $0.50
VultureFulvus: posts big blind $1
nikalas22: sits out 
*** HOLE CARDS ***
ptolejmus: folds 
EasyGamerrr: folds 
vezis3: folds 
GuigaMan: folds 
Uncalled bet ($0.50) returned to VultureFulvus
VultureFulvus collected $1 from pot
*** SUMMARY ***
Total pot $1 | Rake $0 
Seat 4: nikalas22
Seat 1: VultureFulvus (big blind) collected ($1)
Seat 2: ptolejmus folded before Flop (didn't bet)
Seat 3: EasyGamerrr folded before Flop (didn't bet)
Seat 5: vezis3 (button) folded before Flop (didn't bet)
Seat 6: GuigaMan (small blind) folded before Flop



PokerStars Hand #254494106684:  Hold'em No Limit ($0.50/$1.00 USD) - 2025/01/21 2:18:28 WET [2025/01/21 21:18:28 ET]
Table 'Neshmet III' 6-max Seat #6 is the button
Seat 4: nikalas22 ($100 in chips) is sitting out
Seat 1: VultureFulvus ($145.13 in chips) 
Seat 2: ptolejmus ($11.50 in chips) 
Seat 3: EasyGamerrr ($106.02 in chips) 
Seat 5: vezis3 ($100 in chips) 
Seat 6: GuigaMan ($142.22 in chips) 
VultureFulvus: posts small blind $0.50
ptolejmus: posts big blind $1
nikalas22: sits out 
*** HOLE CARDS ***
EasyGamerrr: folds 
vezis3: folds 
GuigaMan: raises $1.10 to $2.10
VultureFulvus: folds 
ptolejmus: folds 
Uncalled bet ($1.10) returned to GuigaMan
GuigaMan collected $2.50 from pot
*** SUMMARY ***
Total pot $2.50 | Rake $0 
Seat 4: nikalas22
Seat 1: VultureFulvus (small blind) folded before Flop
Seat 2: ptolejmus (big blind) folded before Flop
Seat 3: EasyGamerrr folded before Flop (didn't bet)
Seat 5: vezis3 folded before Flop (didn't bet)
Seat 6: GuigaMan (button) collected ($2.50)



PokerStars Hand #254494110681:  Hold'em No Limit ($0.50/$1.00 USD) - 2025/01/21 2:18:54 WET [2025/01/21 21:18:54 ET]
Table 'Neshmet III' 6-max Seat #1 is the button
Seat 4: nikalas22 ($100 in chips) is sitting out
Seat 1: VultureFulvus ($144.63 in chips) 
Seat 2: ptolejmus ($10.50 in chips) 
Seat 3: EasyGamerrr ($106.02 in chips) 
Seat 5: vezis3 ($100 in chips) 
Seat 6: GuigaMan ($143.72 in chips) 
ptolejmus: posts small blind $0.50
EasyGamerrr: posts big blind $1
nikalas22: sits out 
*** HOLE CARDS ***
vezis3: raises $1 to $2
GuigaMan: raises $5 to $7
VultureFulvus: folds 
ptolejmus: folds 
EasyGamerrr: folds 
vezis3: folds 
Uncalled bet ($5) returned to GuigaMan
GuigaMan collected $5.50 from pot
*** SUMMARY ***
Total pot $5.50 | Rake $0 
Seat 4: nikalas22
Seat 1: VultureFulvus (button) folded before Flop (didn't bet)
Seat 2: ptolejmus (small blind) folded before Flop
Seat 3: EasyGamerrr (big blind) folded before Flop
Seat 5: vezis3 folded before Flop
Seat 6: GuigaMan collected ($5.50)



PokerStars Hand #254494114861:  Hold'em No Limit ($0.50/$1.00 USD) - 2025/01/21 2:19:21 WET [2025/01/21 21:19:21 ET]
Table 'Neshmet III' 6-max Seat #2 is the button
Seat 1: VultureFulvus ($144.63 in chips) 
Seat 2: ptolejmus ($10 in chips) 
Seat 3: EasyGamerrr ($105.02 in chips) 
Seat 4: nikalas22 ($100 in chips) 
Seat 5: vezis3 ($100 in chips) 
Seat 6: GuigaMan ($147.22 in chips) 
EasyGamerrr: posts small blind $0.50
nikalas22: posts big blind $1
*** HOLE CARDS ***
vezis3: folds 
GuigaMan: folds 
VultureFulvus: raises $2 to $3
ptolejmus: folds 
EasyGamerrr: folds 
nikalas22: raises $11 to $14
VultureFulvus: calls $11
*** FLOP *** [Qc 5h Ts]
nikalas22: bets $13.54
VultureFulvus: folds 
Uncalled bet ($13.54) returned to nikalas22
nikalas22 collected $27.08 from pot
nikalas22: doesn't show hand 
*** SUMMARY ***
Total pot $28.50 | Rake $1.42 
Board [Qc 5h Ts]
Seat 1: VultureFulvus folded on the Flop
Seat 2: ptolejmus (button) folded before Flop (didn't bet)
Seat 3: EasyGamerrr (small blind) folded before Flop
Seat 4: nikalas22 (big blind) collected ($27.08)
Seat 5: vezis3 folded before Flop (didn't bet)
Seat 6: GuigaMan folded before Flop (didn't bet)



PokerStars Hand #254494121218:  Hold'em No Limit ($0.50/$1.00 USD) - 2025/01/21 2:20:03 WET [2025/01/21 21:20:03 ET]
Table 'Neshmet III' 6-max Seat #3 is the button
Seat 1: VultureFulvus ($130.63 in chips) 
Seat 2: ptolejmus ($10 in chips) 
Seat 3: EasyGamerrr ($104.52 in chips) 
Seat 4: nikalas22 ($113.08 in chips) 
Seat 5: vezis3 ($100 in chips) 
Seat 6: GuigaMan ($147.22 in chips) 
nikalas22: posts small blind $0.50
vezis3: posts big blind $1
*** HOLE CARDS ***
GuigaMan: raises $1.10 to $2.10
VultureFulvus: folds 
ptolejmus: folds 
EasyGamerrr: folds 
nikalas22: folds 
vezis3: calls $1.10
*** FLOP *** [Kd Kc 9c]
vezis3: checks 
GuigaMan: bets $1.34
vezis3: folds 
Uncalled bet ($1.34) returned to GuigaMan
GuigaMan collected $4.46 from pot
*** SUMMARY ***
Total pot $4.70 | Rake $0.24 
Board [Kd Kc 9c]
Seat 1: VultureFulvus folded before Flop (didn't bet)
Seat 2: ptolejmus folded before Flop (didn't bet)
Seat 3: EasyGamerrr (button) folded before Flop (didn't bet)
Seat 4: nikalas22 (small blind) folded before Flop
Seat 5: vezis3 (big blind) folded on the Flop
Seat 6: GuigaMan collected ($4.46)



PokerStars Hand #254494125355:  Hold'em No Limit ($0.50/$1.00 USD) - 2025/01/21 2:20:30 WET [2025/01/21 21:20:30 ET]
Table 'Neshmet III' 6-max Seat #4 is the button
Seat 1: VultureFulvus ($130.63 in chips) 
Seat 2: ptolejmus ($10 in chips) 
Seat 3: EasyGamerrr ($104.52 in chips) 
Seat 4: nikalas22 ($112.58 in chips) 
Seat 5: vezis3 ($100 in chips) 
Seat 6: GuigaMan ($149.58 in chips) 
vezis3: posts small blind $0.50
GuigaMan: posts big blind $1
*** HOLE CARDS ***
VultureFulvus: folds 
ptolejmus: folds 
EasyGamerrr: folds 
nikalas22: folds 
vezis3: raises $2 to $3
GuigaMan: raises $6 to $9
nikalas22 leaves the table
vezis3: folds 
Uncalled bet ($6) returned to GuigaMan
GuigaMan collected $6 from pot
BumHuntKing joins the table at seat #4 
*** SUMMARY ***
Total pot $6 | Rake $0 
Seat 1: VultureFulvus folded before Flop (didn't bet)
Seat 2: ptolejmus folded before Flop (didn't bet)
Seat 3: EasyGamerrr folded before Flop (didn't bet)
Seat 4: nikalas22 (button) folded before Flop (didn't bet)
Seat 5: vezis3 (small blind) folded before Flop
Seat 6: GuigaMan (big blind) collected ($6)



PokerStars Hand #254494128255:  Hold'em No Limit ($0.50/$1.00 USD) - 2025/01/21 2:20:49 WET [2025/01/21 21:20:49 ET]
Table 'Neshmet III' 6-max Seat #5 is the button
Seat 4: BumHuntKing ($100 in chips) is sitting out
Seat 1: VultureFulvus ($130.63 in chips) 
Seat 2: ptolejmus ($10 in chips) 
Seat 3: EasyGamerrr ($104.52 in chips) 
Seat 5: vezis3 ($100 in chips) 
Seat 6: GuigaMan ($152.58 in chips) 
GuigaMan: posts small blind $0.50
VultureFulvus: posts big blind $1
BumHuntKing: sits out 
*** HOLE CARDS ***
ptolejmus: folds 
EasyGamerrr: raises $1.50 to $2.50
vezis3: folds 
GuigaMan: folds 
VultureFulvus: raises $5.50 to $8
EasyGamerrr: calls $5.50
*** FLOP *** [8d Js 2c]
VultureFulvus: bets $7.84
EasyGamerrr: folds 
Uncalled bet ($7.84) returned to VultureFulvus
VultureFulvus collected $15.68 from pot
*** SUMMARY ***
Total pot $16.50 | Rake $0.82 
Board [8d Js 2c]
Seat 4: BumHuntKing
Seat 1: VultureFulvus (big blind) collected ($15.68)
Seat 2: ptolejmus folded before Flop (didn't bet)
Seat 3: EasyGamerrr folded on the Flop
Seat 5: vezis3 (button) folded before Flop (didn't bet)
Seat 6: GuigaMan (small blind) folded before Flop



PokerStars Hand #254494134604:  Hold'em No Limit ($0.50/$1.00 USD) - 2025/01/21 2:21:31 WET [2025/01/21 21:21:31 ET]
Table 'Neshmet III' 6-max Seat #6 is the button
Seat 4: BumHuntKing ($100 in chips) is sitting out
Seat 1: VultureFulvus ($138.31 in chips) 
Seat 2: ptolejmus ($10 in chips) 
Seat 3: EasyGamerrr ($100 in chips) 
Seat 5: vezis3 ($100 in chips) 
Seat 6: GuigaMan ($152.08 in chips) 
VultureFulvus: posts small blind $0.50
ptolejmus: posts big blind $1
BumHuntKing: sits out 
*** HOLE CARDS ***
EasyGamerrr: folds 
vezis3: folds 
GuigaMan: folds 
VultureFulvus: calls $0.50
ptolejmus: raises $9 to $10 and is all-in
VultureFulvus: folds 
Uncalled bet ($9) returned to ptolejmus
ptolejmus collected $2 from pot
*** SUMMARY ***
Total pot $2 | Rake $0 
Seat 4: BumHuntKing
Seat 1: VultureFulvus (small blind) folded before Flop
Seat 2: ptolejmus (big blind) collected ($2)
Seat 3: EasyGamerrr folded before Flop (didn't bet)
Seat 5: vezis3 folded before Flop (didn't bet)
Seat 6: GuigaMan (button) folded before Flop (didn't bet)



PokerStars Hand #254494137540:  Hold'em No Limit ($0.50/$1.00 USD) - 2025/01/21 2:21:50 WET [2025/01/21 21:21:50 ET]
Table 'Neshmet III' 6-max Seat #1 is the button
Seat 4: BumHuntKing ($100 in chips) is sitting out
Seat 1: VultureFulvus ($137.31 in chips) 
Seat 2: ptolejmus ($11 in chips) 
Seat 3: EasyGamerrr ($100 in chips) 
Seat 5: vezis3 ($100 in chips) 
Seat 6: GuigaMan ($152.08 in chips) 
ptolejmus: posts small blind $0.50
EasyGamerrr: posts big blind $1
BumHuntKing: sits out 
*** HOLE CARDS ***
vezis3: raises $1 to $2
GuigaMan: folds 
VultureFulvus: folds 
ptolejmus: raises $9 to $11 and is all-in
EasyGamerrr: folds 
vezis3: calls $9
*** FLOP *** [Ad Qc 5c]
*** TURN *** [Ad Qc 5c] [5s]
*** RIVER *** [Ad Qc 5c 5s] [Kd]
*** SHOW DOWN ***
ptolejmus: shows [6s 6c] (two pair, Sixes and Fives)
vezis3: shows [Ts Qs] (two pair, Queens and Fives)
vezis3 collected $21.85 from pot
*** SUMMARY ***
Total pot $23 | Rake $1.15 
Board [Ad Qc 5c 5s Kd]
Seat 4: BumHuntKing
Seat 1: VultureFulvus (button) folded before Flop (didn't bet)
Seat 2: ptolejmus (small blind) showed [6s 6c] and lost with two pair, Sixes and Fives
Seat 3: EasyGamerrr (big blind) folded before Flop
Seat 5: vezis3 showed [Ts Qs] and won ($21.85) with two pair, Queens and Fives
Seat 6: GuigaMan folded before Flop (didn't bet)



PokerStars Hand #254494141675:  Hold'em No Limit ($0.50/$1.00 USD) - 2025/01/21 2:22:18 WET [2025/01/21 21:22:18 ET]
Table 'Neshmet III' 6-max Seat #2 is the button
Seat 1: VultureFulvus ($137.31 in chips) 
Seat 2: ptolejmus ($10 in chips) 
Seat 3: EasyGamerrr ($100 in chips) 
Seat 4: BumHuntKing ($100 in chips) 
Seat 5: vezis3 ($110.85 in chips) 
Seat 6: GuigaMan ($152.08 in chips) 
EasyGamerrr: posts small blind $0.50
BumHuntKing: posts big blind $1
*** HOLE CARDS ***
vezis3: folds 
GuigaMan: raises $1.10 to $2.10
VultureFulvus: folds 
ptolejmus: folds 
EasyGamerrr: folds 
BumHuntKing: calls $1.10
*** FLOP *** [5c Ts Kd]
BumHuntKing: checks 
GuigaMan: bets $1.34
BumHuntKing: folds 
Uncalled bet ($1.34) returned to GuigaMan
GuigaMan collected $4.46 from pot
*** SUMMARY ***
Total pot $4.70 | Rake $0.24 
Board [5c Ts Kd]
Seat 1: VultureFulvus folded before Flop (didn't bet)
Seat 2: ptolejmus (button) folded before Flop (didn't bet)
Seat 3: EasyGamerrr (small blind) folded before Flop
Seat 4: BumHuntKing (big blind) folded on the Flop
Seat 5: vezis3 folded before Flop (didn't bet)
Seat 6: GuigaMan collected ($4.46)



PokerStars Hand #254494147291:  Hold'em No Limit ($0.50/$1.00 USD) - 2025/01/21 2:22:55 WET [2025/01/21 21:22:55 ET]
Table 'Neshmet III' 6-max Seat #3 is the button
Seat 5: vezis3 ($110.85 in chips) is sitting out
Seat 1: VultureFulvus ($137.31 in chips) 
Seat 2: ptolejmus ($10 in chips) 
Seat 3: EasyGamerrr ($100 in chips) 
Seat 4: BumHuntKing ($100 in chips) 
Seat 6: GuigaMan ($154.44 in chips) 
BumHuntKing: posts small blind $0.50
vezis3: is sitting out 
GuigaMan: posts big blind $1
*** HOLE CARDS ***
VultureFulvus: folds 
ptolejmus: folds 
EasyGamerrr: folds 
BumHuntKing: folds 
Uncalled bet ($0.50) returned to GuigaMan
GuigaMan collected $1 from pot
*** SUMMARY ***
Total pot $1 | Rake $0 
Seat 5: vezis3
Seat 1: VultureFulvus folded before Flop (didn't bet)
Seat 2: ptolejmus folded before Flop (didn't bet)
Seat 3: EasyGamerrr (button) folded before Flop (didn't bet)
Seat 4: BumHuntKing (small blind) folded before Flop
Seat 6: GuigaMan (big blind) collected ($1)



PokerStars Hand #254494149070:  Hold'em No Limit ($0.50/$1.00 USD) - 2025/01/21 2:23:07 WET [2025/01/21 21:23:07 ET]
Table 'Neshmet III' 6-max Seat #4 is the button
Seat 5: vezis3 ($110.85 in chips) is sitting out
Seat 1: VultureFulvus ($137.31 in chips) 
Seat 2: ptolejmus ($10 in chips) 
Seat 3: EasyGamerrr ($100 in chips) 
Seat 4: BumHuntKing ($100 in chips) 
Seat 6: GuigaMan ($154.94 in chips) 
GuigaMan: posts small blind $0.50
VultureFulvus: posts big blind $1
*** HOLE CARDS ***
ptolejmus: folds 
EasyGamerrr: folds 
BumHuntKing: folds 
GuigaMan: raises $2 to $3
VultureFulvus: folds 
Uncalled bet ($2) returned to GuigaMan
GuigaMan collected $2 from pot
*** SUMMARY ***
Total pot $2 | Rake $0 
Seat 5: vezis3
Seat 1: VultureFulvus (big blind) folded before Flop
Seat 2: ptolejmus folded before Flop (didn't bet)
Seat 3: EasyGamerrr folded before Flop (didn't bet)
Seat 4: BumHuntKing (button) folded before Flop (didn't bet)
Seat 6: GuigaMan (small blind) collected ($2)



PokerStars Hand #254494151461:  Hold'em No Limit ($0.50/$1.00 USD) - 2025/01/21 2:23:23 WET [2025/01/21 21:23:23 ET]
Table 'Neshmet III' 6-max Seat #6 is the button
Seat 5: vezis3 ($110.85 in chips) is sitting out
Seat 1: VultureFulvus ($136.31 in chips) 
Seat 2: ptolejmus ($10 in chips) 
Seat 3: EasyGamerrr ($100 in chips) 
Seat 4: BumHuntKing ($100 in chips) 
Seat 6: GuigaMan ($155.94 in chips) 
VultureFulvus: posts small blind $0.50
ptolejmus: posts big blind $1
*** HOLE CARDS ***
EasyGamerrr: folds 
BumHuntKing: folds 
vezis3 leaves the table
GuigaMan: folds 
VultureFulvus: raises $2 to $3
ptolejmus: folds 
Uncalled bet ($2) returned to VultureFulvus
VultureFulvus collected $2 from pot
*** SUMMARY ***
Total pot $2 | Rake $0 
Seat 5: vezis3
Seat 1: VultureFulvus (small blind) collected ($2)
Seat 2: ptolejmus (big blind) folded before Flop
Seat 3: EasyGamerrr folded before Flop (didn't bet)
Seat 4: BumHuntKing folded before Flop (didn't bet)
Seat 6: GuigaMan (button) folded before Flop (didn't bet)



PokerStars Hand #254494154470:  Hold'em No Limit ($0.50/$1.00 USD) - 2025/01/21 2:23:44 WET [2025/01/21 21:23:44 ET]
Table 'Neshmet III' 6-max Seat #1 is the button
Seat 1: VultureFulvus ($137.31 in chips) 
Seat 2: ptolejmus ($10 in chips) 
Seat 3: EasyGamerrr ($100 in chips) 
Seat 4: BumHuntKing ($100 in chips) 
Seat 6: GuigaMan ($155.94 in chips) 
ptolejmus: posts small blind $0.50
EasyGamerrr: posts big blind $1
*** HOLE CARDS ***
BumHuntKing: raises $1.20 to $2.20
GuigaMan: raises $4.80 to $7
VultureFulvus: folds 
Tyron209 joins the table at seat #5 
Tyron209 is disconnected 
ptolejmus: folds 
EasyGamerrr: folds 
BumHuntKing: folds 
Uncalled bet ($4.80) returned to GuigaMan
GuigaMan collected $5.90 from pot
*** SUMMARY ***
Total pot $5.90 | Rake $0 
Seat 1: VultureFulvus (button) folded before Flop (didn't bet)
Seat 2: ptolejmus (small blind) folded before Flop
Seat 3: EasyGamerrr (big blind) folded before Flop
Seat 4: BumHuntKing folded before Flop
Seat 6: GuigaMan collected ($5.90)



PokerStars Hand #254494158972:  Hold'em No Limit ($0.50/$1.00 USD) - 2025/01/21 2:24:14 WET [2025/01/21 21:24:14 ET]
Table 'Neshmet III' 6-max Seat #2 is the button
Seat 1: VultureFulvus ($137.31 in chips) 
Seat 2: ptolejmus ($10 in chips) 
Seat 3: EasyGamerrr ($100 in chips) 
Seat 4: BumHuntKing ($100 in chips) 
Seat 5: Tyron209 ($10 in chips) 
Seat 6: GuigaMan ($159.64 in chips) 
EasyGamerrr: posts small blind $0.50
BumHuntKing: posts big blind $1
Tyron209: posts big blind $1
*** HOLE CARDS ***
Tyron209: raises $9 to $10 and is all-in
GuigaMan: folds 
VultureFulvus: calls $10
ptolejmus: folds 
EasyGamerrr: folds 
BumHuntKing: calls $9
*** FLOP *** [9h Jd 8c]
BumHuntKing: checks 
VultureFulvus: bets $17
BumHuntKing: calls $17
*** TURN *** [9h Jd 8c] [Ah]
BumHuntKing: checks 
VultureFulvus: checks 
*** RIVER *** [9h Jd 8c Ah] [Qd]
BumHuntKing: checks 
VultureFulvus: bets $40
BumHuntKing: folds 
Uncalled bet ($40) returned to VultureFulvus
*** SHOW DOWN ***
VultureFulvus: shows [Js Qc] (two pair, Queens and Jacks)
VultureFulvus collected $33.02 from side pot
Tyron209: shows [Th 5d] (a straight, Eight to Queen)
Tyron209 collected $28.98 from main pot
*** SUMMARY ***
Total pot $64.50 Main pot $28.98. Side pot $33.02. | Rake $2.50 
Board [9h Jd 8c Ah Qd]
Seat 1: VultureFulvus showed [Js Qc] and won ($33.02) with two pair, Queens and Jacks
Seat 2: ptolejmus (button) folded before Flop (didn't bet)
Seat 3: EasyGamerrr (small blind) folded before Flop
Seat 4: BumHuntKing (big blind) folded on the River
Seat 5: Tyron209 showed [Th 5d] and won ($28.98) with a straight, Eight to Queen
Seat 6: GuigaMan folded before Flop (didn't bet)



PokerStars Hand #254494168013:  Hold'em No Limit ($0.50/$1.00 USD) - 2025/01/21 2:25:14 WET [2025/01/21 21:25:14 ET]
Table 'Neshmet III' 6-max Seat #3 is the button
Seat 1: VultureFulvus ($143.33 in chips) 
Seat 2: ptolejmus ($10 in chips) 
Seat 3: EasyGamerrr ($100 in chips) 
Seat 4: BumHuntKing ($100 in chips) 
Seat 5: Tyron209 ($28.98 in chips) 
Seat 6: GuigaMan ($159.64 in chips) 
BumHuntKing: posts small blind $0.50
Tyron209: posts big blind $1
*** HOLE CARDS ***
GuigaMan: folds 
VultureFulvus: folds 
ptolejmus: raises $9 to $10 and is all-in
EasyGamerrr: folds 
BumHuntKing: folds 
Tyron209: folds 
Uncalled bet ($9) returned to ptolejmus
ptolejmus collected $2.50 from pot
*** SUMMARY ***
Total pot $2.50 | Rake $0 
Seat 1: VultureFulvus folded before Flop (didn't bet)
Seat 2: ptolejmus collected ($2.50)
Seat 3: EasyGamerrr (button) folded before Flop (didn't bet)
Seat 4: BumHuntKing (small blind) folded before Flop
Seat 5: Tyron209 (big blind) folded before Flop
Seat 6: GuigaMan folded before Flop (didn't bet)



PokerStars Hand #254494171200:  Hold'em No Limit ($0.50/$1.00 USD) - 2025/01/21 2:25:35 WET [2025/01/21 21:25:35 ET]
Table 'Neshmet III' 6-max Seat #4 is the button
Seat 1: VultureFulvus ($143.33 in chips) 
Seat 2: ptolejmus ($11.50 in chips) 
Seat 3: EasyGamerrr ($100 in chips) 
Seat 4: BumHuntKing ($100 in chips) 
Seat 5: Tyron209 ($27.98 in chips) 
Seat 6: GuigaMan ($159.64 in chips) 
Tyron209: posts small blind $0.50
GuigaMan: posts big blind $1
*** HOLE CARDS ***
VultureFulvus: folds 
ptolejmus: folds 
EasyGamerrr has timed out
EasyGamerrr: folds 
BumHuntKing: folds 
Tyron209: folds 
Uncalled bet ($0.50) returned to GuigaMan
GuigaMan collected $1 from pot
*** SUMMARY ***
Total pot $1 | Rake $0 
Seat 1: VultureFulvus folded before Flop (didn't bet)
Seat 2: ptolejmus folded before Flop (didn't bet)
Seat 3: EasyGamerrr folded before Flop (didn't bet)
Seat 4: BumHuntKing (button) folded before Flop (didn't bet)
Seat 5: Tyron209 (small blind) folded before Flop
Seat 6: GuigaMan (big blind) collected ($1)



PokerStars Hand #254494175307:  Hold'em No Limit ($0.50/$1.00 USD) - 2025/01/21 2:26:02 WET [2025/01/21 21:26:02 ET]
Table 'Neshmet III' 6-max Seat #5 is the button
Seat 1: VultureFulvus ($143.33 in chips) 
Seat 2: ptolejmus ($11.50 in chips) 
Seat 4: BumHuntKing ($100 in chips) 
Seat 5: Tyron209 ($27.48 in chips) 
Seat 6: GuigaMan ($160.14 in chips) 
GuigaMan: posts small blind $0.50
EasyGamerrr leaves the table
VultureFulvus: posts big blind $1
*** HOLE CARDS ***
ptolejmus: folds 
BumHuntKing: raises $1.20 to $2.20
Tyron209: folds 
GuigaMan: folds 
VultureFulvus: calls $1.20
*** FLOP *** [Ah Jd 6s]
VultureFulvus: checks 
BumHuntKing: bets $1.54
VultureFulvus: calls $1.54
*** TURN *** [Ah Jd 6s] [7h]
VultureFulvus: checks 
BumHuntKing: bets $5.69
VultureFulvus: folds 
Uncalled bet ($5.69) returned to BumHuntKing
BumHuntKing collected $7.58 from pot
BumHuntKing: doesn't show hand 
*** SUMMARY ***
Total pot $7.98 | Rake $0.40 
Board [Ah Jd 6s 7h]
Seat 1: VultureFulvus (big blind) folded on the Turn
Seat 2: ptolejmus folded before Flop (didn't bet)
Seat 4: BumHuntKing collected ($7.58)
Seat 5: Tyron209 (button) folded before Flop (didn't bet)
Seat 6: GuigaMan (small blind) folded before Flop



PokerStars Hand #254494180309:  Hold'em No Limit ($0.50/$1.00 USD) - 2025/01/21 2:26:36 WET [2025/01/21 21:26:36 ET]
Table 'Neshmet III' 6-max Seat #6 is the button
Seat 1: VultureFulvus ($139.59 in chips) 
Seat 2: ptolejmus ($11.50 in chips) 
Seat 4: BumHuntKing ($103.84 in chips) 
Seat 5: Tyron209 ($27.48 in chips) 
Seat 6: GuigaMan ($159.64 in chips) 
VultureFulvus: posts small blind $0.50
ptolejmus: posts big blind $1
*** HOLE CARDS ***
50CandyJoe joins the table at seat #3 
BumHuntKing: folds 
Tyron209: calls $1
GuigaMan: folds 
VultureFulvus: calls $0.50
ptolejmus: raises $10.50 to $11.50 and is all-in
Tyron209: folds 
VultureFulvus: folds 
Uncalled bet ($10.50) returned to ptolejmus
ptolejmus collected $3 from pot
*** SUMMARY ***
Total pot $3 | Rake $0 
Seat 1: VultureFulvus (small blind) folded before Flop
Seat 2: ptolejmus (big blind) collected ($3)
Seat 4: BumHuntKing folded before Flop (didn't bet)
Seat 5: Tyron209 folded before Flop
Seat 6: GuigaMan (button) folded before Flop (didn't bet)



PokerStars Hand #254494184110:  Hold'em No Limit ($0.50/$1.00 USD) - 2025/01/21 2:27:01 WET [2025/01/21 21:27:01 ET]
Table 'Neshmet III' 6-max Seat #1 is the button
Seat 1: VultureFulvus ($138.59 in chips) 
Seat 2: ptolejmus ($13.50 in chips) 
Seat 3: 50CandyJoe ($100 in chips) 
Seat 4: BumHuntKing ($103.84 in chips) 
Seat 5: Tyron209 ($26.48 in chips) 
Seat 6: GuigaMan ($159.64 in chips) 
ptolejmus: posts small blind $0.50
50CandyJoe: posts big blind $1
*** HOLE CARDS ***
BumHuntKing: folds 
Tyron209: folds 
GuigaMan: raises $1.10 to $2.10
VultureFulvus: raises $5.10 to $7.20
ptolejmus: folds 
50CandyJoe: folds 
GuigaMan: raises $12.80 to $20
VultureFulvus: calls $12.80
*** FLOP *** [4h 5d Ks]
GuigaMan: checks 
VultureFulvus: bets $20.71
GuigaMan: calls $20.71
*** TURN *** [4h 5d Ks] [6s]
GuigaMan: checks 
VultureFulvus: bets $97.88 and is all-in
GuigaMan: calls $97.88
*** RIVER *** [4h 5d Ks 6s] [2s]
*** SHOW DOWN ***
GuigaMan: shows [Th Kh] (a pair of Kings)
VultureFulvus: shows [Ah Qd] (high card Ace)
GuigaMan collected $276.18 from pot
*** SUMMARY ***
Total pot $278.68 | Rake $2.50 
Board [4h 5d Ks 6s 2s]
Seat 1: VultureFulvus (button) showed [Ah Qd] and lost with high card Ace
Seat 2: ptolejmus (small blind) folded before Flop
Seat 3: 50CandyJoe (big blind) folded before Flop
Seat 4: BumHuntKing folded before Flop (didn't bet)
Seat 5: Tyron209 folded before Flop (didn't bet)
Seat 6: GuigaMan showed [Th Kh] and won ($276.18) with a pair of Kings



PokerStars Hand #254494197237:  Hold'em No Limit ($0.50/$1.00 USD) - 2025/01/21 2:28:29 WET [2025/01/21 21:28:29 ET]
Table 'Neshmet III' 6-max Seat #2 is the button
Seat 1: VultureFulvus ($0 in chips) is sitting out
Seat 2: ptolejmus ($13 in chips) 
Seat 3: 50CandyJoe ($100 in chips) 
Seat 4: BumHuntKing ($103.84 in chips) 
Seat 5: Tyron209 ($26.48 in chips) 
Seat 6: GuigaMan ($297.23 in chips) 
50CandyJoe: posts small blind $0.50
BumHuntKing: posts big blind $1
*** HOLE CARDS ***
Tyron209: raises $2 to $3
GuigaMan: folds 
ptolejmus: folds 
50CandyJoe: folds 
BumHuntKing: folds 
Uncalled bet ($2) returned to Tyron209
Tyron209 collected $2.50 from pot
*** SUMMARY ***
Total pot $2.50 | Rake $0 
Seat 1: VultureFulvus
Seat 2: ptolejmus (button) folded before Flop (didn't bet)
Seat 3: 50CandyJoe (small blind) folded before Flop
Seat 4: BumHuntKing (big blind) folded before Flop
Seat 5: Tyron209 collected ($2.50)
Seat 6: GuigaMan folded before Flop (didn't bet)



PokerStars Hand #254494200290:  Hold'em No Limit ($0.50/$1.00 USD) - 2025/01/21 2:28:49 WET [2025/01/21 21:28:49 ET]
Table 'Neshmet III' 6-max Seat #3 is the button
Seat 1: VultureFulvus ($100 in chips) 
Seat 2: ptolejmus ($13 in chips) 
Seat 3: 50CandyJoe ($100 in chips) 
Seat 4: BumHuntKing ($102.84 in chips) 
Seat 5: Tyron209 ($27.98 in chips) 
Seat 6: GuigaMan ($297.23 in chips) 
BumHuntKing: posts small blind $0.50
Tyron209: posts big blind $1
*** HOLE CARDS ***
GuigaMan: raises $1.10 to $2.10
VultureFulvus: folds 
ptolejmus: folds 
50CandyJoe: calls $2.10
BumHuntKing: folds 
Tyron209: calls $1.10
*** FLOP *** [3d 5d 8s]
Tyron209: bets $2
GuigaMan: folds 
50CandyJoe: calls $2
*** TURN *** [3d 5d 8s] [4d]
Tyron209: bets $3
50CandyJoe: calls $3
*** RIVER *** [3d 5d 8s 4d] [3c]
Tyron209: bets $7
50CandyJoe: folds 
Uncalled bet ($7) returned to Tyron209
Tyron209 collected $15.96 from pot
*** SUMMARY ***
Total pot $16.80 | Rake $0.84 
Board [3d 5d 8s 4d 3c]
Seat 1: VultureFulvus folded before Flop (didn't bet)
Seat 2: ptolejmus folded before Flop (didn't bet)
Seat 3: 50CandyJoe (button) folded on the River
Seat 4: BumHuntKing (small blind) folded before Flop
Seat 5: Tyron209 (big blind) collected ($15.96)
Seat 6: GuigaMan folded on the Flop



PokerStars Hand #254494210169:  Hold'em No Limit ($0.50/$1.00 USD) - 2025/01/21 2:29:56 WET [2025/01/21 21:29:56 ET]
Table 'Neshmet III' 6-max Seat #4 is the button
Seat 1: VultureFulvus ($100 in chips) 
Seat 2: ptolejmus ($13 in chips) 
Seat 3: 50CandyJoe ($100 in chips) 
Seat 4: BumHuntKing ($102.34 in chips) 
Seat 5: Tyron209 ($36.84 in chips) 
Seat 6: GuigaMan ($295.13 in chips) 
Tyron209: posts small blind $0.50
GuigaMan: posts big blind $1
*** HOLE CARDS ***
VultureFulvus: raises $2 to $3
ptolejmus: folds 
50CandyJoe: folds 
BumHuntKing: calls $3
Tyron209: calls $2.50
GuigaMan: folds 
*** FLOP *** [Kc 2d 4h]
Tyron209: checks 
VultureFulvus: bets $7.75
BumHuntKing: calls $7.75
Tyron209: folds 
*** TURN *** [Kc 2d 4h] [Ad]
VultureFulvus: bets $10.11
BumHuntKing: calls $10.11
*** RIVER *** [Kc 2d 4h Ad] [5d]
VultureFulvus: checks 
BumHuntKing: bets $81.48 and is all-in
VultureFulvus: calls $79.14 and is all-in
Uncalled bet ($2.34) returned to BumHuntKing
*** SHOW DOWN ***
BumHuntKing: shows [4d 3d] (a straight flush, Ace to Five)
VultureFulvus: shows [Ks Js] (a pair of Kings)
BumHuntKing collected $201.50 from pot
*** SUMMARY ***
Total pot $204 | Rake $2.50 
Board [Kc 2d 4h Ad 5d]
Seat 1: VultureFulvus showed [Ks Js] and lost with a pair of Kings
Seat 2: ptolejmus folded before Flop (didn't bet)
Seat 3: 50CandyJoe folded before Flop (didn't bet)
Seat 4: BumHuntKing (button) showed [4d 3d] and won ($201.50) with a straight flush, Ace to Five
Seat 5: Tyron209 (small blind) folded on the Flop
Seat 6: GuigaMan (big blind) folded before Flop



PokerStars Hand #254494225780:  Hold'em No Limit ($0.50/$1.00 USD) - 2025/01/21 2:31:40 WET [2025/01/21 21:31:40 ET]
Table 'Neshmet III' 6-max Seat #5 is the button
Seat 1: VultureFulvus ($0 in chips) is sitting out
Seat 2: ptolejmus ($13 in chips) 
Seat 3: 50CandyJoe ($100 in chips) 
Seat 4: BumHuntKing ($203.84 in chips) 
Seat 5: Tyron209 ($33.84 in chips) 
Seat 6: GuigaMan ($294.13 in chips) 
GuigaMan: posts small blind $0.50
ptolejmus: posts big blind $1
*** HOLE CARDS ***
50CandyJoe: folds 
BumHuntKing: folds 
Tyron209: calls $1
GuigaMan: folds 
ptolejmus: checks 
*** FLOP *** [5d 7s 2d]
ptolejmus: checks 
Tyron209: bets $2
ptolejmus: folds 
Uncalled bet ($2) returned to Tyron209
Tyron209 collected $2.38 from pot
*** SUMMARY ***
Total pot $2.50 | Rake $0.12 
Board [5d 7s 2d]
Seat 1: VultureFulvus
Seat 2: ptolejmus (big blind) folded on the Flop
Seat 3: 50CandyJoe folded before Flop (didn't bet)
Seat 4: BumHuntKing folded before Flop (didn't bet)
Seat 5: Tyron209 (button) collected ($2.38)
Seat 6: GuigaMan (small blind) folded before Flop



PokerStars Hand #254494229561:  Hold'em No Limit ($0.50/$1.00 USD) - 2025/01/21 2:32:06 WET [2025/01/21 21:32:06 ET]
Table 'Neshmet III' 6-max Seat #6 is the button
Seat 1: VultureFulvus ($100 in chips) is sitting out
Seat 2: ptolejmus ($12 in chips) 
Seat 3: 50CandyJoe ($100 in chips) 
Seat 4: BumHuntKing ($203.84 in chips) 
Seat 5: Tyron209 ($35.22 in chips) 
Seat 6: GuigaMan ($293.63 in chips) 
ptolejmus: posts small blind $0.50
50CandyJoe: posts big blind $1
*** HOLE CARDS ***
BumHuntKing: folds 
Tyron209: folds 
GuigaMan: folds 
ptolejmus: folds 
Uncalled bet ($0.50) returned to 50CandyJoe
50CandyJoe collected $1 from pot
50CandyJoe: doesn't show hand 
*** SUMMARY ***
Total pot $1 | Rake $0 
Seat 1: VultureFulvus
Seat 2: ptolejmus (small blind) folded before Flop
Seat 3: 50CandyJoe (big blind) collected ($1)
Seat 4: BumHuntKing folded before Flop (didn't bet)
Seat 5: Tyron209 folded before Flop (didn't bet)
Seat 6: GuigaMan (button) folded before Flop (didn't bet)



PokerStars Hand #254494232176:  Hold'em No Limit ($0.50/$1.00 USD) - 2025/01/21 2:32:24 WET [2025/01/21 21:32:24 ET]
Table 'Neshmet III' 6-max Seat #2 is the button
Seat 1: VultureFulvus ($100 in chips) 
Seat 2: ptolejmus ($11.50 in chips) 
Seat 3: 50CandyJoe ($100.50 in chips) 
Seat 4: BumHuntKing ($203.84 in chips) 
Seat 5: Tyron209 ($35.22 in chips) 
Seat 6: GuigaMan ($293.63 in chips) 
50CandyJoe: posts small blind $0.50
BumHuntKing: posts big blind $1
VultureFulvus: posts small & big blinds $1.50
*** HOLE CARDS ***
Tyron209: raises $3 to $4
GuigaMan: folds 
VultureFulvus: folds 
ptolejmus: raises $7.50 to $11.50 and is all-in
50CandyJoe: folds 
BumHuntKing: folds 
Tyron209: calls $7.50
*** FLOP *** [Kh 6s Ac]
*** TURN *** [Kh 6s Ac] [6h]
*** RIVER *** [Kh 6s Ac 6h] [4h]
*** SHOW DOWN ***
Tyron209: shows [As Qd] (two pair, Aces and Sixes)
ptolejmus: shows [Th Td] (two pair, Tens and Sixes)
Tyron209 collected $24.70 from pot
ptolejmus cashed out the hand for $13.78 | Cash Out Fee $0.28
*** SUMMARY ***
Total pot $26 | Rake $1.30 
Board [Kh 6s Ac 6h 4h]
Seat 1: VultureFulvus folded before Flop (didn't bet)
Seat 2: ptolejmus (button) showed [Th Td] and lost with two pair, Tens and Sixes (cashed out).
Seat 3: 50CandyJoe (small blind) folded before Flop
Seat 4: BumHuntKing (big blind) folded before Flop
Seat 5: Tyron209 showed [As Qd] and won ($24.70) with two pair, Aces and Sixes
Seat 6: GuigaMan folded before Flop (didn't bet)



PokerStars Hand #254494240013:  Hold'em No Limit ($0.50/$1.00 USD) - 2025/01/21 2:33:17 WET [2025/01/21 21:33:17 ET]
Table 'Neshmet III' 6-max Seat #3 is the button
Seat 1: VultureFulvus ($98.50 in chips) 
Seat 2: ptolejmus ($13.78 in chips) 
Seat 3: 50CandyJoe ($100 in chips) 
Seat 4: BumHuntKing ($202.84 in chips) 
Seat 5: Tyron209 ($48.42 in chips) 
Seat 6: GuigaMan ($293.63 in chips) 
BumHuntKing: posts small blind $0.50
Tyron209: posts big blind $1
*** HOLE CARDS ***
GuigaMan: folds 
VultureFulvus: raises $2 to $3
ptolejmus: folds 
50CandyJoe: folds 
BumHuntKing: folds 
Tyron209: calls $2
*** FLOP *** [5c 8c Qd]
Tyron209: checks 
VultureFulvus: bets $4.09
Tyron209: folds 
Uncalled bet ($4.09) returned to VultureFulvus
VultureFulvus collected $6.18 from pot
*** SUMMARY ***
Total pot $6.50 | Rake $0.32 
Board [5c 8c Qd]
Seat 1: VultureFulvus collected ($6.18)
Seat 2: ptolejmus folded before Flop (didn't bet)
Seat 3: 50CandyJoe (button) folded before Flop (didn't bet)
Seat 4: BumHuntKing (small blind) folded before Flop
Seat 5: Tyron209 (big blind) folded on the Flop
Seat 6: GuigaMan folded before Flop (didn't bet)



PokerStars Hand #254494244640:  Hold'em No Limit ($0.50/$1.00 USD) - 2025/01/21 2:33:48 WET [2025/01/21 21:33:48 ET]
Table 'Neshmet III' 6-max Seat #4 is the button
Seat 1: VultureFulvus ($101.68 in chips) 
Seat 2: ptolejmus ($13.78 in chips) 
Seat 3: 50CandyJoe ($100 in chips) 
Seat 4: BumHuntKing ($202.34 in chips) 
Seat 5: Tyron209 ($45.42 in chips) 
Seat 6: GuigaMan ($293.63 in chips) 
Tyron209: posts small blind $0.50
GuigaMan: posts big blind $1
*** HOLE CARDS ***
VultureFulvus: folds 
ptolejmus: folds 
50CandyJoe: folds 
BumHuntKing: raises $1.50 to $2.50
Tyron209: folds 
GuigaMan: folds 
Uncalled bet ($1.50) returned to BumHuntKing
BumHuntKing collected $2.50 from pot
BumHuntKing: doesn't show hand 
*** SUMMARY ***
Total pot $2.50 | Rake $0 
Seat 1: VultureFulvus folded before Flop (didn't bet)
Seat 2: ptolejmus folded before Flop (didn't bet)
Seat 3: 50CandyJoe folded before Flop (didn't bet)
Seat 4: BumHuntKing (button) collected ($2.50)
Seat 5: Tyron209 (small blind) folded before Flop
Seat 6: GuigaMan (big blind) folded before Flop



PokerStars Hand #254494249696:  Hold'em No Limit ($0.50/$1.00 USD) - 2025/01/21 2:34:23 WET [2025/01/21 21:34:23 ET]
Table 'Neshmet III' 6-max Seat #5 is the button
Seat 1: VultureFulvus ($101.68 in chips) 
Seat 2: ptolejmus ($13.78 in chips) 
Seat 3: 50CandyJoe ($100 in chips) 
Seat 4: BumHuntKing ($203.84 in chips) 
Seat 5: Tyron209 ($44.92 in chips) 
Seat 6: GuigaMan ($292.63 in chips) 
GuigaMan: posts small blind $0.50
VultureFulvus: posts big blind $1
*** HOLE CARDS ***
ptolejmus: folds 
50CandyJoe: raises $1.20 to $2.20
BumHuntKing: folds 
Tyron209: folds 
GuigaMan: raises $8.80 to $11
VultureFulvus: raises $29.20 to $40.20
50CandyJoe: folds 
GuigaMan: folds 
Uncalled bet ($29.20) returned to VultureFulvus
VultureFulvus collected $24.20 from pot
*** SUMMARY ***
Total pot $24.20 | Rake $0 
Seat 1: VultureFulvus (big blind) collected ($24.20)
Seat 2: ptolejmus folded before Flop (didn't bet)
Seat 3: 50CandyJoe folded before Flop
Seat 4: BumHuntKing folded before Flop (didn't bet)
Seat 5: Tyron209 (button) folded before Flop (didn't bet)
Seat 6: GuigaMan (small blind) folded before Flop



PokerStars Hand #254494255736:  Hold'em No Limit ($0.50/$1.00 USD) - 2025/01/21 2:35:04 WET [2025/01/21 21:35:04 ET]
Table 'Neshmet III' 6-max Seat #6 is the button
Seat 1: VultureFulvus ($114.88 in chips) 
Seat 2: ptolejmus ($13.78 in chips) 
Seat 3: 50CandyJoe ($100 in chips) 
Seat 4: BumHuntKing ($203.84 in chips) 
Seat 5: Tyron209 ($44.92 in chips) 
Seat 6: GuigaMan ($281.63 in chips) 
VultureFulvus: posts small blind $0.50
ptolejmus: posts big blind $1
*** HOLE CARDS ***
50CandyJoe: raises $1.20 to $2.20
BumHuntKing: folds 
Tyron209: calls $2.20
GuigaMan: folds 
VultureFulvus: calls $1.70
ptolejmus: calls $1.20
*** FLOP *** [As 5h 3h]
VultureFulvus: checks 
ptolejmus: checks 
50CandyJoe: checks 
Tyron209: checks 
*** TURN *** [As 5h 3h] [6d]
VultureFulvus: bets $1
ptolejmus: folds 
50CandyJoe: calls $1
Tyron209: calls $1
*** RIVER *** [As 5h 3h 6d] [3d]
VultureFulvus: bets $1
50CandyJoe: folds 
Tyron209: calls $1
*** SHOW DOWN ***
VultureFulvus: shows [6h 8s] (two pair, Sixes and Threes)
Tyron209: mucks hand 
VultureFulvus collected $13.11 from pot
*** SUMMARY ***
Total pot $13.80 | Rake $0.69 
Board [As 5h 3h 6d 3d]
Seat 1: VultureFulvus (small blind) showed [6h 8s] and won ($13.11) with two pair, Sixes and Threes
Seat 2: ptolejmus (big blind) folded on the Turn
Seat 3: 50CandyJoe folded on the River
Seat 4: BumHuntKing folded before Flop (didn't bet)
Seat 5: Tyron209 mucked
Seat 6: GuigaMan (button) folded before Flop (didn't bet)



PokerStars Hand #254494263957:  Hold'em No Limit ($0.50/$1.00 USD) - 2025/01/21 2:36:00 WET [2025/01/21 21:36:00 ET]
Table 'Neshmet III' 6-max Seat #1 is the button
Seat 1: VultureFulvus ($123.79 in chips) 
Seat 2: ptolejmus ($11.58 in chips) 
Seat 3: 50CandyJoe ($100 in chips) 
Seat 4: BumHuntKing ($203.84 in chips) 
Seat 5: Tyron209 ($40.72 in chips) 
Seat 6: GuigaMan ($281.63 in chips) 
ptolejmus: posts small blind $0.50
50CandyJoe: posts big blind $1
*** HOLE CARDS ***
BumHuntKing: folds 
Tyron209: folds 
GuigaMan: folds 
Tyron209 leaves the table
VultureFulvus: raises $2 to $3
ptolejmus: folds 
50CandyJoe: folds 
Uncalled bet ($2) returned to VultureFulvus
VultureFulvus collected $2.50 from pot
*** SUMMARY ***
Total pot $2.50 | Rake $0 
Seat 1: VultureFulvus (button) collected ($2.50)
Seat 2: ptolejmus (small blind) folded before Flop
Seat 3: 50CandyJoe (big blind) folded before Flop
Seat 4: BumHuntKing folded before Flop (didn't bet)
Seat 5: Tyron209 folded before Flop (didn't bet)
Seat 6: GuigaMan folded before Flop (didn't bet)



PokerStars Hand #254494267249:  Hold'em No Limit ($0.50/$1.00 USD) - 2025/01/21 2:36:22 WET [2025/01/21 21:36:22 ET]
Table 'Neshmet III' 6-max Seat #2 is the button
Seat 1: VultureFulvus ($125.29 in chips) 
Seat 2: ptolejmus ($11.08 in chips) 
Seat 3: 50CandyJoe ($100 in chips) 
Seat 4: BumHuntKing ($203.84 in chips) 
Seat 6: GuigaMan ($281.63 in chips) 
50CandyJoe: posts small blind $0.50
BumHuntKing: posts big blind $1
*** HOLE CARDS ***
GuigaMan: folds 
7bekon7 joins the table at seat #5 
VultureFulvus: raises $2 to $3
ptolejmus: raises $8.08 to $11.08 and is all-in
50CandyJoe: folds 
BumHuntKing: folds 
VultureFulvus: calls $8.08
*** FLOP *** [2s 8c 4s]
*** TURN *** [2s 8c 4s] [5c]
*** RIVER *** [2s 8c 4s 5c] [7c]
*** SHOW DOWN ***
VultureFulvus: shows [Js 9s] (high card Jack)
ptolejmus: shows [Th Td] (a pair of Tens)
ptolejmus collected $22.48 from pot
*** SUMMARY ***
Total pot $23.66 | Rake $1.18 
Board [2s 8c 4s 5c 7c]
Seat 1: VultureFulvus showed [Js 9s] and lost with high card Jack
Seat 2: ptolejmus (button) showed [Th Td] and won ($22.48) with a pair of Tens
Seat 3: 50CandyJoe (small blind) folded before Flop
Seat 4: BumHuntKing (big blind) folded before Flop
Seat 6: GuigaMan folded before Flop (didn't bet)



PokerStars Hand #254494272826:  Hold'em No Limit ($0.50/$1.00 USD) - 2025/01/21 2:36:59 WET [2025/01/21 21:36:59 ET]
Table 'Neshmet III' 6-max Seat #3 is the button
Seat 1: VultureFulvus ($114.21 in chips) 
Seat 2: ptolejmus ($22.48 in chips) 
Seat 3: 50CandyJoe ($100 in chips) 
Seat 4: BumHuntKing ($202.84 in chips) 
Seat 5: 7bekon7 ($100 in chips) 
Seat 6: GuigaMan ($281.63 in chips) 
BumHuntKing: posts small blind $0.50
7bekon7: posts big blind $1
*** HOLE CARDS ***
GuigaMan: folds 
VultureFulvus: folds 
ptolejmus: folds 
50CandyJoe: raises $1.50 to $2.50
BumHuntKing: folds 
7bekon7: raises $5.50 to $8
50CandyJoe: calls $5.50
*** FLOP *** [8s Qs 3d]
7bekon7: bets $7.84
50CandyJoe: calls $7.84
*** TURN *** [8s Qs 3d] [8d]
7bekon7: checks 
50CandyJoe: bets $15.29
7bekon7: folds 
Uncalled bet ($15.29) returned to 50CandyJoe
50CandyJoe collected $30.57 from pot
50CandyJoe: doesn't show hand 
*** SUMMARY ***
Total pot $32.18 | Rake $1.61 
Board [8s Qs 3d 8d]
Seat 1: VultureFulvus folded before Flop (didn't bet)
Seat 2: ptolejmus folded before Flop (didn't bet)
Seat 3: 50CandyJoe (button) collected ($30.57)
Seat 4: BumHuntKing (small blind) folded before Flop
Seat 5: 7bekon7 (big blind) folded on the Turn
Seat 6: GuigaMan folded before Flop (didn't bet)



PokerStars Hand #254494287633:  Hold'em No Limit ($0.50/$1.00 USD) - 2025/01/21 2:38:40 WET [2025/01/21 21:38:40 ET]
Table 'Neshmet III' 6-max Seat #4 is the button
Seat 1: VultureFulvus ($114.21 in chips) 
Seat 2: ptolejmus ($22.48 in chips) 
Seat 3: 50CandyJoe ($114.73 in chips) 
Seat 4: BumHuntKing ($202.34 in chips) 
Seat 5: 7bekon7 ($100 in chips) 
Seat 6: GuigaMan ($281.63 in chips) 
7bekon7: posts small blind $0.50
GuigaMan: posts big blind $1
*** HOLE CARDS ***
VultureFulvus: folds 
ptolejmus: folds 
50CandyJoe: raises $1.20 to $2.20
BumHuntKing: folds 
7bekon7: raises $5.40 to $7.60
GuigaMan: folds 
50CandyJoe: folds 
Uncalled bet ($5.40) returned to 7bekon7
7bekon7 collected $5.40 from pot
7bekon7: doesn't show hand 
*** SUMMARY ***
Total pot $5.40 | Rake $0 
Seat 1: VultureFulvus folded before Flop (didn't bet)
Seat 2: ptolejmus folded before Flop (didn't bet)
Seat 3: 50CandyJoe folded before Flop
Seat 4: BumHuntKing (button) folded before Flop (didn't bet)
Seat 5: 7bekon7 (small blind) collected ($5.40)
Seat 6: GuigaMan (big blind) folded before Flop



PokerStars Hand #254494291858:  Hold'em No Limit ($0.50/$1.00 USD) - 2025/01/21 2:39:09 WET [2025/01/21 21:39:09 ET]
Table 'Neshmet III' 6-max Seat #5 is the button
Seat 1: VultureFulvus ($114.21 in chips) 
Seat 2: ptolejmus ($22.48 in chips) 
Seat 3: 50CandyJoe ($112.53 in chips) 
Seat 4: BumHuntKing ($202.34 in chips) 
Seat 5: 7bekon7 ($103.20 in chips) 
Seat 6: GuigaMan ($280.63 in chips) 
GuigaMan: posts small blind $0.50
VultureFulvus: posts big blind $1
*** HOLE CARDS ***
ptolejmus: folds 
50CandyJoe: folds 
BumHuntKing: folds 
7bekon7: raises $2 to $3
GuigaMan: folds 
VultureFulvus: folds 
Uncalled bet ($2) returned to 7bekon7
7bekon7 collected $2.50 from pot
7bekon7: doesn't show hand 
*** SUMMARY ***
Total pot $2.50 | Rake $0 
Seat 1: VultureFulvus (big blind) folded before Flop
Seat 2: ptolejmus folded before Flop (didn't bet)
Seat 3: 50CandyJoe folded before Flop (didn't bet)
Seat 4: BumHuntKing folded before Flop (didn't bet)
Seat 5: 7bekon7 (button) collected ($2.50)
Seat 6: GuigaMan (small blind) folded before Flop



PokerStars Hand #254494294738:  Hold'em No Limit ($0.50/$1.00 USD) - 2025/01/21 2:39:29 WET [2025/01/21 21:39:29 ET]
Table 'Neshmet III' 6-max Seat #6 is the button
Seat 1: VultureFulvus ($113.21 in chips) 
Seat 2: ptolejmus ($22.48 in chips) 
Seat 3: 50CandyJoe ($112.53 in chips) 
Seat 4: BumHuntKing ($202.34 in chips) 
Seat 5: 7bekon7 ($104.70 in chips) 
Seat 6: GuigaMan ($280.13 in chips) 
VultureFulvus: posts small blind $0.50
ptolejmus: posts big blind $1
*** HOLE CARDS ***
50CandyJoe: folds 
BumHuntKing: folds 
7bekon7: folds 
GuigaMan: folds 
VultureFulvus: folds 
Uncalled bet ($0.50) returned to ptolejmus
ptolejmus collected $1 from pot
*** SUMMARY ***
Total pot $1 | Rake $0 
Seat 1: VultureFulvus (small blind) folded before Flop
Seat 2: ptolejmus (big blind) collected ($1)
Seat 3: 50CandyJoe folded before Flop (didn't bet)
Seat 4: BumHuntKing folded before Flop (didn't bet)
Seat 5: 7bekon7 folded before Flop (didn't bet)
Seat 6: GuigaMan (button) folded before Flop (didn't bet)



PokerStars Hand #254494297578:  Hold'em No Limit ($0.50/$1.00 USD) - 2025/01/21 2:39:49 WET [2025/01/21 21:39:49 ET]
Table 'Neshmet III' 6-max Seat #1 is the button
Seat 1: VultureFulvus ($112.71 in chips) 
Seat 2: ptolejmus ($22.98 in chips) 
Seat 3: 50CandyJoe ($112.53 in chips) 
Seat 4: BumHuntKing ($202.34 in chips) 
Seat 5: 7bekon7 ($104.70 in chips) 
Seat 6: GuigaMan ($280.13 in chips) 
ptolejmus: posts small blind $0.50
50CandyJoe: posts big blind $1
*** HOLE CARDS ***
BumHuntKing: folds 
7bekon7: raises $1.25 to $2.25
GuigaMan: folds 
VultureFulvus: folds 
ptolejmus: folds 
50CandyJoe: calls $1.25
*** FLOP *** [8c 4h As]
50CandyJoe: checks 
7bekon7: checks 
*** TURN *** [8c 4h As] [2d]
50CandyJoe: checks 
7bekon7: bets $1.19
50CandyJoe: raises $10.69 to $11.88
7bekon7: folds 
Uncalled bet ($10.69) returned to 50CandyJoe
50CandyJoe collected $7.01 from pot
50CandyJoe: doesn't show hand 
*** SUMMARY ***
Total pot $7.38 | Rake $0.37 
Board [8c 4h As 2d]
Seat 1: VultureFulvus (button) folded before Flop (didn't bet)
Seat 2: ptolejmus (small blind) folded before Flop
Seat 3: 50CandyJoe (big blind) collected ($7.01)
Seat 4: BumHuntKing folded before Flop (didn't bet)
Seat 5: 7bekon7 folded on the Turn
Seat 6: GuigaMan folded before Flop (didn't bet)



PokerStars Hand #254494306214:  Hold'em No Limit ($0.50/$1.00 USD) - 2025/01/21 2:40:49 WET [2025/01/21 21:40:49 ET]
Table 'Neshmet III' 6-max Seat #2 is the button
Seat 1: VultureFulvus ($112.71 in chips) 
Seat 2: ptolejmus ($22.48 in chips) 
Seat 3: 50CandyJoe ($116.10 in chips) 
Seat 4: BumHuntKing ($202.34 in chips) 
Seat 5: 7bekon7 ($101.26 in chips) 
Seat 6: GuigaMan ($280.13 in chips) 
50CandyJoe: posts small blind $0.50
BumHuntKing: posts big blind $1
*** HOLE CARDS ***
7bekon7: folds 
GuigaMan: folds 
VultureFulvus: raises $2 to $3
ptolejmus: folds 
50CandyJoe: raises $9 to $12
BumHuntKing: folds 
VultureFulvus: folds 
Uncalled bet ($9) returned to 50CandyJoe
50CandyJoe collected $7 from pot
50CandyJoe: doesn't show hand 
*** SUMMARY ***
Total pot $7 | Rake $0 
Seat 1: VultureFulvus folded before Flop
Seat 2: ptolejmus (button) folded before Flop (didn't bet)
Seat 3: 50CandyJoe (small blind) collected ($7)
Seat 4: BumHuntKing (big blind) folded before Flop
Seat 5: 7bekon7 folded before Flop (didn't bet)
Seat 6: GuigaMan folded before Flop (didn't bet)



PokerStars Hand #254494312271:  Hold'em No Limit ($0.50/$1.00 USD) - 2025/01/21 2:41:31 WET [2025/01/21 21:41:31 ET]
Table 'Neshmet III' 6-max Seat #3 is the button
Seat 5: 7bekon7 ($101.26 in chips) is sitting out
Seat 1: VultureFulvus ($109.71 in chips) 
Seat 2: ptolejmus ($22.48 in chips) 
Seat 3: 50CandyJoe ($120.10 in chips) 
Seat 4: BumHuntKing ($201.34 in chips) 
Seat 6: GuigaMan ($280.13 in chips) 
BumHuntKing: posts small blind $0.50
7bekon7: is sitting out 
GuigaMan: posts big blind $1
*** HOLE CARDS ***
VultureFulvus: folds 
7bekon7 leaves the table
ptolejmus: folds 
50CandyJoe: folds 
BumHuntKing: folds 
Uncalled bet ($0.50) returned to GuigaMan
GuigaMan collected $1 from pot
*** SUMMARY ***
Total pot $1 | Rake $0 
Seat 5: 7bekon7
Seat 1: VultureFulvus folded before Flop (didn't bet)
Seat 2: ptolejmus folded before Flop (didn't bet)
Seat 3: 50CandyJoe (button) folded before Flop (didn't bet)
Seat 4: BumHuntKing (small blind) folded before Flop
Seat 6: GuigaMan (big blind) collected ($1)



PokerStars Hand #254494314497:  Hold'em No Limit ($0.50/$1.00 USD) - 2025/01/21 2:41:46 WET [2025/01/21 21:41:46 ET]
Table 'Neshmet III' 6-max Seat #4 is the button
Seat 1: VultureFulvus ($109.71 in chips) 
Seat 2: ptolejmus ($22.48 in chips) 
Seat 3: 50CandyJoe ($120.10 in chips) 
Seat 4: BumHuntKing ($200.84 in chips) 
Seat 6: GuigaMan ($280.63 in chips) 
GuigaMan: posts small blind $0.50
VultureFulvus: posts big blind $1
*** HOLE CARDS ***
ptolejmus: folds 
50CandyJoe: folds 
BumHuntKing: folds 
GuigaMan: raises $2 to $3
VultureFulvus: calls $2
*** FLOP *** [Ts Qh Kh]
GuigaMan: checks 
VultureFulvus: bets $2.85
GuigaMan: raises $12.15 to $15
VultureFulvus: calls $12.15
*** TURN *** [Ts Qh Kh] [8h]
GuigaMan: bets $10.26
p0pa4poker joins the table at seat #5 
VultureFulvus: calls $10.26
*** RIVER *** [Ts Qh Kh 8h] [3s]
GuigaMan: bets $252.37 and is all-in
VultureFulvus: folds 
Uncalled bet ($252.37) returned to GuigaMan
GuigaMan collected $54.02 from pot
*** SUMMARY ***
Total pot $56.52 | Rake $2.50 
Board [Ts Qh Kh 8h 3s]
Seat 1: VultureFulvus (big blind) folded on the River
Seat 2: ptolejmus folded before Flop (didn't bet)
Seat 3: 50CandyJoe folded before Flop (didn't bet)
Seat 4: BumHuntKing (button) folded before Flop (didn't bet)
Seat 6: GuigaMan (small blind) collected ($54.02)



PokerStars Hand #254494329689:  Hold'em No Limit ($0.50/$1.00 USD) - 2025/01/21 2:43:31 WET [2025/01/21 21:43:31 ET]
Table 'Neshmet III' 6-max Seat #6 is the button
Seat 5: p0pa4poker ($100 in chips) is sitting out
Seat 1: VultureFulvus ($81.45 in chips) 
Seat 2: ptolejmus ($22.48 in chips) 
Seat 3: 50CandyJoe ($120.10 in chips) 
Seat 4: BumHuntKing ($200.84 in chips) 
Seat 6: GuigaMan ($306.39 in chips) 
VultureFulvus: posts small blind $0.50
ptolejmus: posts big blind $1
p0pa4poker: sits out 
*** HOLE CARDS ***
50CandyJoe: folds 
BumHuntKing: folds 
GuigaMan: folds 
VultureFulvus: raises $2 to $3
ptolejmus: raises $19.48 to $22.48 and is all-in
VultureFulvus: folds 
Uncalled bet ($19.48) returned to ptolejmus
ptolejmus collected $6 from pot
*** SUMMARY ***
Total pot $6 | Rake $0 
Seat 5: p0pa4poker
Seat 1: VultureFulvus (small blind) folded before Flop
Seat 2: ptolejmus (big blind) collected ($6)
Seat 3: 50CandyJoe folded before Flop (didn't bet)
Seat 4: BumHuntKing folded before Flop (didn't bet)
Seat 6: GuigaMan (button) folded before Flop (didn't bet)



PokerStars Hand #254494332692:  Hold'em No Limit ($0.50/$1.00 USD) - 2025/01/21 2:43:53 WET [2025/01/21 21:43:53 ET]
Table 'Neshmet III' 6-max Seat #1 is the button
Seat 5: p0pa4poker ($100 in chips) is sitting out
Seat 1: VultureFulvus ($78.45 in chips) 
Seat 2: ptolejmus ($25.48 in chips) 
Seat 3: 50CandyJoe ($120.10 in chips) 
Seat 4: BumHuntKing ($200.84 in chips) 
Seat 6: GuigaMan ($306.39 in chips) 
ptolejmus: posts small blind $0.50
50CandyJoe: posts big blind $1
p0pa4poker: sits out 
*** HOLE CARDS ***
BumHuntKing: folds 
GuigaMan: raises $1.10 to $2.10
VultureFulvus: folds 
ptolejmus: folds 
50CandyJoe: calls $1.10
*** FLOP *** [Jd 4s 8c]
50CandyJoe: checks 
GuigaMan: bets $3.35
50CandyJoe: folds 
Uncalled bet ($3.35) returned to GuigaMan
GuigaMan collected $4.46 from pot
*** SUMMARY ***
Total pot $4.70 | Rake $0.24 
Board [Jd 4s 8c]
Seat 5: p0pa4poker
Seat 1: VultureFulvus (button) folded before Flop (didn't bet)
Seat 2: ptolejmus (small blind) folded before Flop
Seat 3: 50CandyJoe (big blind) folded on the Flop
Seat 4: BumHuntKing folded before Flop (didn't bet)
Seat 6: GuigaMan collected ($4.46)



PokerStars Hand #254494335952:  Hold'em No Limit ($0.50/$1.00 USD) - 2025/01/21 2:44:15 WET [2025/01/21 21:44:15 ET]
Table 'Neshmet III' 6-max Seat #2 is the button
Seat 5: p0pa4poker ($100 in chips) is sitting out
Seat 1: VultureFulvus ($84.43 in chips) 
Seat 2: ptolejmus ($24.98 in chips) 
Seat 3: 50CandyJoe ($118 in chips) 
Seat 4: BumHuntKing ($200.84 in chips) 
Seat 6: GuigaMan ($308.75 in chips) 
50CandyJoe: posts small blind $0.50
BumHuntKing: posts big blind $1
p0pa4poker: sits out 
*** HOLE CARDS ***
GuigaMan: raises $1.10 to $2.10
VultureFulvus: folds 
ptolejmus: folds 
50CandyJoe: folds 
BumHuntKing: folds 
Uncalled bet ($1.10) returned to GuigaMan
GuigaMan collected $2.50 from pot
*** SUMMARY ***
Total pot $2.50 | Rake $0 
Seat 5: p0pa4poker
Seat 1: VultureFulvus folded before Flop (didn't bet)
Seat 2: ptolejmus (button) folded before Flop (didn't bet)
Seat 3: 50CandyJoe (small blind) folded before Flop
Seat 4: BumHuntKing (big blind) folded before Flop
Seat 6: GuigaMan collected ($2.50)



PokerStars Hand #254494339186:  Hold'em No Limit ($0.50/$1.00 USD) - 2025/01/21 2:44:37 WET [2025/01/21 21:44:37 ET]
Table 'Neshmet III' 6-max Seat #3 is the button
Seat 1: VultureFulvus ($84.43 in chips) 
Seat 2: ptolejmus ($24.98 in chips) 
Seat 3: 50CandyJoe ($117.50 in chips) 
Seat 4: BumHuntKing ($199.84 in chips) 
Seat 5: p0pa4poker ($100 in chips) 
Seat 6: GuigaMan ($310.25 in chips) 
BumHuntKing: posts small blind $0.50
p0pa4poker: posts big blind $1
*** HOLE CARDS ***
GuigaMan: folds 
VultureFulvus: folds 
ptolejmus: folds 
50CandyJoe: raises $1.50 to $2.50
BumHuntKing: folds 
p0pa4poker: raises $10.50 to $13
50CandyJoe: raises $14 to $27
p0pa4poker: raises $73 to $100 and is all-in
50CandyJoe: calls $73
*** FLOP *** [Kd 4s 5s]
*** TURN *** [Kd 4s 5s] [2s]
*** RIVER *** [Kd 4s 5s 2s] [Ah]
*** SHOW DOWN ***
p0pa4poker: shows [Kc Kh] (three of a kind, Kings)
50CandyJoe: shows [Qh Qd] (a pair of Queens)
p0pa4poker cashed out the hand for $159 | Cash Out Fee $3.24
*** SUMMARY ***
Total pot $200.50 | Rake $2.50 
Board [Kd 4s 5s 2s Ah]
Seat 1: VultureFulvus folded before Flop (didn't bet)
Seat 2: ptolejmus folded before Flop (didn't bet)
Seat 3: 50CandyJoe (button) showed [Qh Qd] and lost with a pair of Queens
Seat 4: BumHuntKing (small blind) folded before Flop
Seat 5: p0pa4poker (big blind) showed [Kc Kh] and won ($198) with three of a kind, Kings (pot not awarded as player cashed out)
Seat 6: GuigaMan folded before Flop (didn't bet)



PokerStars Hand #254494347149:  Hold'em No Limit ($0.50/$1.00 USD) - 2025/01/21 2:45:34 WET [2025/01/21 21:45:34 ET]
Table 'Neshmet III' 6-max Seat #4 is the button
Seat 1: VultureFulvus ($84.43 in chips) 
Seat 2: ptolejmus ($24.98 in chips) 
Seat 3: 50CandyJoe ($100 in chips) 
Seat 4: BumHuntKing ($199.34 in chips) 
Seat 5: p0pa4poker ($159 in chips) 
Seat 6: GuigaMan ($310.25 in chips) 
p0pa4poker: posts small blind $0.50
GuigaMan: posts big blind $1
*** HOLE CARDS ***
VultureFulvus: raises $2 to $3
ptolejmus: folds 
50CandyJoe: folds 
BumHuntKing: folds 
p0pa4poker: folds 
GuigaMan: folds 
Uncalled bet ($2) returned to VultureFulvus
VultureFulvus collected $2.50 from pot
*** SUMMARY ***
Total pot $2.50 | Rake $0 
Seat 1: VultureFulvus collected ($2.50)
Seat 2: ptolejmus folded before Flop (didn't bet)
Seat 3: 50CandyJoe folded before Flop (didn't bet)
Seat 4: BumHuntKing (button) folded before Flop (didn't bet)
Seat 5: p0pa4poker (small blind) folded before Flop
Seat 6: GuigaMan (big blind) folded before Flop



PokerStars Hand #254494349453:  Hold'em No Limit ($0.50/$1.00 USD) - 2025/01/21 2:45:50 WET [2025/01/21 21:45:50 ET]
Table 'Neshmet III' 6-max Seat #5 is the button
Seat 1: VultureFulvus ($85.93 in chips) 
Seat 2: ptolejmus ($24.98 in chips) 
Seat 3: 50CandyJoe ($100 in chips) 
Seat 4: BumHuntKing ($199.34 in chips) 
Seat 5: p0pa4poker ($158.50 in chips) 
Seat 6: GuigaMan ($309.25 in chips) 
GuigaMan: posts small blind $0.50
VultureFulvus: posts big blind $1
*** HOLE CARDS ***
ptolejmus: folds 
50CandyJoe: folds 
BumHuntKing: folds 
p0pa4poker: folds 
GuigaMan: folds 
Uncalled bet ($0.50) returned to VultureFulvus
VultureFulvus collected $1 from pot
*** SUMMARY ***
Total pot $1 | Rake $0 
Seat 1: VultureFulvus (big blind) collected ($1)
Seat 2: ptolejmus folded before Flop (didn't bet)
Seat 3: 50CandyJoe folded before Flop (didn't bet)
Seat 4: BumHuntKing folded before Flop (didn't bet)
Seat 5: p0pa4poker (button) folded before Flop (didn't bet)
Seat 6: GuigaMan (small blind) folded before Flop



PokerStars Hand #254494352578:  Hold'em No Limit ($0.50/$1.00 USD) - 2025/01/21 2:46:12 WET [2025/01/21 21:46:12 ET]
Table 'Neshmet III' 6-max Seat #6 is the button
Seat 2: ptolejmus ($24.98 in chips) is sitting out
Seat 1: VultureFulvus ($86.43 in chips) 
Seat 3: 50CandyJoe ($100 in chips) 
Seat 4: BumHuntKing ($199.34 in chips) 
Seat 5: p0pa4poker ($158.50 in chips) 
Seat 6: GuigaMan ($308.75 in chips) 
VultureFulvus: posts small blind $0.50
ptolejmus: is sitting out 
50CandyJoe: posts big blind $1
*** HOLE CARDS ***
BumHuntKing: raises $1.20 to $2.20
p0pa4poker: folds 
GuigaMan: folds 
VultureFulvus: folds 
50CandyJoe: raises $10.30 to $12.50
BumHuntKing: folds 
Uncalled bet ($10.30) returned to 50CandyJoe
50CandyJoe collected $4.90 from pot
50CandyJoe: doesn't show hand 
ptolejmus leaves the table
*** SUMMARY ***
Total pot $4.90 | Rake $0 
Seat 2: ptolejmus
Seat 1: VultureFulvus (small blind) folded before Flop
Seat 3: 50CandyJoe (big blind) collected ($4.90)
Seat 4: BumHuntKing folded before Flop
Seat 5: p0pa4poker folded before Flop (didn't bet)
Seat 6: GuigaMan (button) folded before Flop (didn't bet)



PokerStars Hand #254494355201:  Hold'em No Limit ($0.50/$1.00 USD) - 2025/01/21 2:46:31 WET [2025/01/21 21:46:31 ET]
Table 'Neshmet III' 6-max Seat #1 is the button
Seat 1: VultureFulvus ($85.93 in chips) 
Seat 3: 50CandyJoe ($102.70 in chips) 
Seat 4: BumHuntKing ($197.14 in chips) 
Seat 5: p0pa4poker ($158.50 in chips) 
Seat 6: GuigaMan ($308.75 in chips) 
50CandyJoe: posts small blind $0.50
BumHuntKing: posts big blind $1
*** HOLE CARDS ***
p0pa4poker: folds 
GuigaMan: folds 
VultureFulvus: raises $2 to $3
50CandyJoe: folds 
BumHuntKing: folds 
Uncalled bet ($2) returned to VultureFulvus
VultureFulvus collected $2.50 from pot
*** SUMMARY ***
Total pot $2.50 | Rake $0 
Seat 1: VultureFulvus (button) collected ($2.50)
Seat 3: 50CandyJoe (small blind) folded before Flop
Seat 4: BumHuntKing (big blind) folded before Flop
Seat 5: p0pa4poker folded before Flop (didn't bet)
Seat 6: GuigaMan folded before Flop (didn't bet)



PokerStars Hand #254494357255:  Hold'em No Limit ($0.50/$1.00 USD) - 2025/01/21 2:46:46 WET [2025/01/21 21:46:46 ET]
Table 'Neshmet III' 6-max Seat #3 is the button
Seat 1: VultureFulvus ($87.43 in chips) 
Seat 3: 50CandyJoe ($102.20 in chips) 
Seat 4: BumHuntKing ($196.14 in chips) 
Seat 5: p0pa4poker ($158.50 in chips) 
Seat 6: GuigaMan ($308.75 in chips) 
BumHuntKing: posts small blind $0.50
p0pa4poker: posts big blind $1
*** HOLE CARDS ***
7bekon7 joins the table at seat #2 
GuigaMan: folds 
VultureFulvus: folds 
50CandyJoe: raises $1.50 to $2.50
BumHuntKing: raises $9 to $11.50
p0pa4poker: folds 
50CandyJoe: folds 
Uncalled bet ($9) returned to BumHuntKing
BumHuntKing collected $6 from pot
BumHuntKing: doesn't show hand 
*** SUMMARY ***
Total pot $6 | Rake $0 
Seat 1: VultureFulvus folded before Flop (didn't bet)
Seat 3: 50CandyJoe (button) folded before Flop
Seat 4: BumHuntKing (small blind) collected ($6)
Seat 5: p0pa4poker (big blind) folded before Flop
Seat 6: GuigaMan folded before Flop (didn't bet)



PokerStars Hand #254494362430:  Hold'em No Limit ($0.50/$1.00 USD) - 2025/01/21 2:47:23 WET [2025/01/21 21:47:23 ET]
Table 'Neshmet III' 6-max Seat #4 is the button
Seat 2: 7bekon7 ($101.26 in chips) is sitting out
Seat 1: VultureFulvus ($87.43 in chips) 
Seat 3: 50CandyJoe ($100 in chips) 
Seat 4: BumHuntKing ($199.64 in chips) 
Seat 5: p0pa4poker ($157.50 in chips) 
Seat 6: GuigaMan ($308.75 in chips) 
p0pa4poker: posts small blind $0.50
GuigaMan: posts big blind $1
7bekon7: sits out 
*** HOLE CARDS ***
VultureFulvus: folds 
50CandyJoe: folds 
BumHuntKing: folds 
p0pa4poker: folds 
Uncalled bet ($0.50) returned to GuigaMan
GuigaMan collected $1 from pot
*** SUMMARY ***
Total pot $1 | Rake $0 
Seat 2: 7bekon7
Seat 1: VultureFulvus folded before Flop (didn't bet)
Seat 3: 50CandyJoe folded before Flop (didn't bet)
Seat 4: BumHuntKing (button) folded before Flop (didn't bet)
Seat 5: p0pa4poker (small blind) folded before Flop
Seat 6: GuigaMan (big blind) collected ($1)



PokerStars Hand #254494364263:  Hold'em No Limit ($0.50/$1.00 USD) - 2025/01/21 2:47:36 WET [2025/01/21 21:47:36 ET]
Table 'Neshmet III' 6-max Seat #5 is the button
Seat 2: 7bekon7 ($101.26 in chips) is sitting out
Seat 1: VultureFulvus ($87.43 in chips) 
Seat 3: 50CandyJoe ($100 in chips) 
Seat 4: BumHuntKing ($199.64 in chips) 
Seat 5: p0pa4poker ($157 in chips) 
Seat 6: GuigaMan ($309.25 in chips) 
GuigaMan: posts small blind $0.50
VultureFulvus: posts big blind $1
7bekon7: sits out 
*** HOLE CARDS ***
50CandyJoe: folds 
BumHuntKing: folds 
p0pa4poker: folds 
GuigaMan: folds 
Uncalled bet ($0.50) returned to VultureFulvus
VultureFulvus collected $1 from pot
*** SUMMARY ***
Total pot $1 | Rake $0 
Seat 2: 7bekon7
Seat 1: VultureFulvus (big blind) collected ($1)
Seat 3: 50CandyJoe folded before Flop (didn't bet)
Seat 4: BumHuntKing folded before Flop (didn't bet)
Seat 5: p0pa4poker (button) folded before Flop (didn't bet)
Seat 6: GuigaMan (small blind) folded before Flop



PokerStars Hand #254494365938:  Hold'em No Limit ($0.50/$1.00 USD) - 2025/01/21 2:47:47 WET [2025/01/21 21:47:47 ET]
Table 'Neshmet III' 6-max Seat #6 is the button
Seat 1: VultureFulvus ($87.93 in chips) 
Seat 2: 7bekon7 ($101.26 in chips) 
Seat 3: 50CandyJoe ($100 in chips) 
Seat 4: BumHuntKing ($199.64 in chips) 
Seat 5: p0pa4poker ($157 in chips) 
Seat 6: GuigaMan ($308.75 in chips) 
VultureFulvus: posts small blind $0.50
7bekon7: posts big blind $1
*** HOLE CARDS ***
50CandyJoe: folds 
BumHuntKing: folds 
p0pa4poker: folds 
GuigaMan: raises $1.10 to $2.10
VultureFulvus: calls $1.60
7bekon7: folds 
*** FLOP *** [4h Kc Ah]
VultureFulvus: checks 
GuigaMan: bets $1.48
VultureFulvus: calls $1.48
*** TURN *** [4h Kc Ah] [As]
VultureFulvus: checks 
GuigaMan: bets $5.81
VultureFulvus: calls $5.81
*** RIVER *** [4h Kc Ah As] [Ks]
VultureFulvus: checks 
GuigaMan: bets $22.17
VultureFulvus: folds 
Uncalled bet ($22.17) returned to GuigaMan
GuigaMan collected $18.79 from pot
*** SUMMARY ***
Total pot $19.78 | Rake $0.99 
Board [4h Kc Ah As Ks]
Seat 1: VultureFulvus (small blind) folded on the River
Seat 2: 7bekon7 (big blind) folded before Flop
Seat 3: 50CandyJoe folded before Flop (didn't bet)
Seat 4: BumHuntKing folded before Flop (didn't bet)
Seat 5: p0pa4poker folded before Flop (didn't bet)
Seat 6: GuigaMan (button) collected ($18.79)



PokerStars Hand #254494378230:  Hold'em No Limit ($0.50/$1.00 USD) - 2025/01/21 2:49:15 WET [2025/01/21 21:49:15 ET]
Table 'Neshmet III' 6-max Seat #1 is the button
Seat 1: VultureFulvus ($78.54 in chips) 
Seat 2: 7bekon7 ($100.26 in chips) 
Seat 3: 50CandyJoe ($100 in chips) 
Seat 4: BumHuntKing ($199.64 in chips) 
Seat 5: p0pa4poker ($157 in chips) 
Seat 6: GuigaMan ($318.15 in chips) 
7bekon7: posts small blind $0.50
50CandyJoe: posts big blind $1
*** HOLE CARDS ***
BumHuntKing: folds 
p0pa4poker: raises $1 to $2
GuigaMan: folds 
VultureFulvus: folds 
7bekon7: folds 
50CandyJoe: folds 
Uncalled bet ($1) returned to p0pa4poker
p0pa4poker collected $2.50 from pot
p0pa4poker: doesn't show hand 
*** SUMMARY ***
Total pot $2.50 | Rake $0 
Seat 1: VultureFulvus (button) folded before Flop (didn't bet)
Seat 2: 7bekon7 (small blind) folded before Flop
Seat 3: 50CandyJoe (big blind) folded before Flop
Seat 4: BumHuntKing folded before Flop (didn't bet)
Seat 5: p0pa4poker collected ($2.50)
Seat 6: GuigaMan folded before Flop (didn't bet)



PokerStars Hand #254494381721:  Hold'em No Limit ($0.50/$1.00 USD) - 2025/01/21 2:49:39 WET [2025/01/21 21:49:39 ET]
Table 'Neshmet III' 6-max Seat #2 is the button
Seat 1: VultureFulvus ($78.54 in chips) 
Seat 2: 7bekon7 ($100 in chips) 
Seat 3: 50CandyJoe ($100 in chips) 
Seat 4: BumHuntKing ($199.64 in chips) 
Seat 5: p0pa4poker ($158.50 in chips) 
Seat 6: GuigaMan ($318.15 in chips) 
50CandyJoe: posts small blind $0.50
BumHuntKing: posts big blind $1
*** HOLE CARDS ***
p0pa4poker: folds 
GuigaMan: folds 
VultureFulvus: folds 
p0pa4poker leaves the table
7bekon7: raises $1.25 to $2.25
50CandyJoe: folds 
BumHuntKing: raises $9.75 to $12
7bekon7: calls $9.75
*** FLOP *** [8c Td 9h]
BumHuntKing: bets $12.17
7bekon7: calls $12.17
*** TURN *** [8c Td 9h] [Ac]
BumHuntKing: bets $58
7bekon7: calls $58
*** RIVER *** [8c Td 9h Ac] [As]
BumHuntKing: bets $117.47 and is all-in
7bekon7: folds 
Uncalled bet ($117.47) returned to BumHuntKing
BumHuntKing collected $162.34 from pot
BumHuntKing: doesn't show hand 
*** SUMMARY ***
Total pot $164.84 | Rake $2.50 
Board [8c Td 9h Ac As]
Seat 1: VultureFulvus folded before Flop (didn't bet)
Seat 2: 7bekon7 (button) folded on the River
Seat 3: 50CandyJoe (small blind) folded before Flop
Seat 4: BumHuntKing (big blind) collected ($162.34)
Seat 5: p0pa4poker folded before Flop (didn't bet)
Seat 6: GuigaMan folded before Flop (didn't bet)



PokerStars Hand #254494399095:  Hold'em No Limit ($0.50/$1.00 USD) - 2025/01/21 2:51:41 WET [2025/01/21 21:51:41 ET]
Table 'Neshmet III' 6-max Seat #3 is the button
Seat 1: VultureFulvus ($78.54 in chips) 
Seat 2: 7bekon7 ($100 in chips) 
Seat 3: 50CandyJoe ($100 in chips) 
Seat 4: BumHuntKing ($279.81 in chips) 
Seat 6: GuigaMan ($318.15 in chips) 
BumHuntKing: posts small blind $0.50
GuigaMan: posts big blind $1
*** HOLE CARDS ***
VultureFulvus: raises $2 to $3
7bekon7: folds 
50CandyJoe: raises $6 to $9
BumHuntKing: folds 
GuigaMan: folds 
VultureFulvus: raises $21.50 to $30.50
50CandyJoe: folds 
Uncalled bet ($21.50) returned to VultureFulvus
VultureFulvus collected $19.50 from pot
*** SUMMARY ***
Total pot $19.50 | Rake $0 
Seat 1: VultureFulvus collected ($19.50)
Seat 2: 7bekon7 folded before Flop (didn't bet)
Seat 3: 50CandyJoe (button) folded before Flop
Seat 4: BumHuntKing (small blind) folded before Flop
Seat 6: GuigaMan (big blind) folded before Flop



PokerStars Hand #254494406834:  Hold'em No Limit ($0.50/$1.00 USD) - 2025/01/21 2:52:36 WET [2025/01/21 21:52:36 ET]
Table 'Neshmet III' 6-max Seat #4 is the button
Seat 1: VultureFulvus ($89.04 in chips) 
Seat 2: 7bekon7 ($100 in chips) 
Seat 3: 50CandyJoe ($100 in chips) 
Seat 4: BumHuntKing ($279.31 in chips) 
Seat 6: GuigaMan ($317.15 in chips) 
GuigaMan: posts small blind $0.50
VultureFulvus: posts big blind $1
*** HOLE CARDS ***
7bekon7: folds 
50CandyJoe: folds 
BumHuntKing: folds 
GuigaMan: folds 
Uncalled bet ($0.50) returned to VultureFulvus
VultureFulvus collected $1 from pot
*** SUMMARY ***
Total pot $1 | Rake $0 
Seat 1: VultureFulvus (big blind) collected ($1)
Seat 2: 7bekon7 folded before Flop (didn't bet)
Seat 3: 50CandyJoe folded before Flop (didn't bet)
Seat 4: BumHuntKing (button) folded before Flop (didn't bet)
Seat 6: GuigaMan (small blind) folded before Flop



PokerStars Hand #254494408346:  Hold'em No Limit ($0.50/$1.00 USD) - 2025/01/21 2:52:47 WET [2025/01/21 21:52:47 ET]
Table 'Neshmet III' 6-max Seat #6 is the button
Seat 1: VultureFulvus ($89.54 in chips) 
Seat 2: 7bekon7 ($100 in chips) 
Seat 3: 50CandyJoe ($100 in chips) 
Seat 4: BumHuntKing ($279.31 in chips) 
Seat 6: GuigaMan ($316.65 in chips) 
VultureFulvus: posts small blind $0.50
7bekon7: posts big blind $1
*** HOLE CARDS ***
50CandyJoe: folds 
BumHuntKing: folds 
GuigaMan: raises $1.10 to $2.10
VultureFulvus: folds 
7bekon7: folds 
Uncalled bet ($1.10) returned to GuigaMan
GuigaMan collected $2.50 from pot
*** SUMMARY ***
Total pot $2.50 | Rake $0 
Seat 1: VultureFulvus (small blind) folded before Flop
Seat 2: 7bekon7 (big blind) folded before Flop
Seat 3: 50CandyJoe folded before Flop (didn't bet)
Seat 4: BumHuntKing folded before Flop (didn't bet)
Seat 6: GuigaMan (button) collected ($2.50)



PokerStars Hand #254494410710:  Hold'em No Limit ($0.50/$1.00 USD) - 2025/01/21 2:53:04 WET [2025/01/21 21:53:04 ET]
Table 'Neshmet III' 6-max Seat #1 is the button
Seat 1: VultureFulvus ($89.04 in chips) 
Seat 2: 7bekon7 ($100 in chips) 
Seat 3: 50CandyJoe ($100 in chips) 
Seat 4: BumHuntKing ($279.31 in chips) 
Seat 6: GuigaMan ($318.15 in chips) 
7bekon7: posts small blind $0.50
50CandyJoe: posts big blind $1
*** HOLE CARDS ***
BumHuntKing: folds 
GuigaMan: raises $1.10 to $2.10
VultureFulvus: folds 
7bekon7: raises $5.20 to $7.30
50CandyJoe: folds 
GuigaMan: calls $5.20
*** FLOP *** [4c 5c 8h]
mearly3 joins the table at seat #5 
mearly3 is disconnected 
7bekon7: checks 
GuigaMan: bets $4.45
7bekon7: folds 
Uncalled bet ($4.45) returned to GuigaMan
GuigaMan collected $14.82 from pot
*** SUMMARY ***
Total pot $15.60 | Rake $0.78 
Board [4c 5c 8h]
Seat 1: VultureFulvus (button) folded before Flop (didn't bet)
Seat 2: 7bekon7 (small blind) folded on the Flop
Seat 3: 50CandyJoe (big blind) folded before Flop
Seat 4: BumHuntKing folded before Flop (didn't bet)
Seat 6: GuigaMan collected ($14.82)



PokerStars Hand #254494416682:  Hold'em No Limit ($0.50/$1.00 USD) - 2025/01/21 2:53:47 WET [2025/01/21 21:53:47 ET]
Table 'Neshmet III' 6-max Seat #2 is the button
Seat 5: mearly3 ($31.77 in chips) is sitting out
Seat 1: VultureFulvus ($89.04 in chips) 
Seat 2: 7bekon7 ($100 in chips) 
Seat 3: 50CandyJoe ($100 in chips) 
Seat 4: BumHuntKing ($279.31 in chips) 
Seat 6: GuigaMan ($325.67 in chips) 
50CandyJoe: posts small blind $0.50
BumHuntKing: posts big blind $1
mearly3: sits out 
*** HOLE CARDS ***
GuigaMan: folds 
VultureFulvus: folds 
7bekon7: folds 
50CandyJoe: folds 
Uncalled bet ($0.50) returned to BumHuntKing
BumHuntKing collected $1 from pot
BumHuntKing: doesn't show hand 
*** SUMMARY ***
Total pot $1 | Rake $0 
Seat 5: mearly3
Seat 1: VultureFulvus folded before Flop (didn't bet)
Seat 2: 7bekon7 (button) folded before Flop (didn't bet)
Seat 3: 50CandyJoe (small blind) folded before Flop
Seat 4: BumHuntKing (big blind) collected ($1)
Seat 6: GuigaMan folded before Flop (didn't bet)



PokerStars Hand #254494419408:  Hold'em No Limit ($0.50/$1.00 USD) - 2025/01/21 2:54:06 WET [2025/01/21 21:54:06 ET]
Table 'Neshmet III' 6-max Seat #3 is the button
Seat 1: VultureFulvus ($89.04 in chips) 
Seat 2: 7bekon7 ($100 in chips) 
Seat 3: 50CandyJoe ($100 in chips) 
Seat 4: BumHuntKing ($279.81 in chips) 
Seat 5: mearly3 ($31.77 in chips) 
Seat 6: GuigaMan ($325.67 in chips) 
BumHuntKing: posts small blind $0.50
mearly3: posts big blind $1
*** HOLE CARDS ***
GuigaMan: folds 
VultureFulvus: folds 
7bekon7: raises $1.25 to $2.25
50CandyJoe: raises $5.25 to $7.50
BumHuntKing: raises $272.31 to $279.81 and is all-in
mearly3: folds 
7bekon7: folds 
50CandyJoe: calls $92.50 and is all-in
Uncalled bet ($179.81) returned to BumHuntKing
*** FIRST FLOP *** [Qs 6c 2c]
*** FIRST TURN *** [Qs 6c 2c] [2h]
*** FIRST RIVER *** [Qs 6c 2c 2h] [6d]
*** SECOND FLOP *** [7s 7d Tc]
*** SECOND TURN *** [7s 7d Tc] [5c]
*** SECOND RIVER *** [7s 7d Tc 5c] [7c]
*** FIRST SHOW DOWN ***
BumHuntKing: shows [Ks Ad] (two pair, Sixes and Deuces)
50CandyJoe: shows [Ah Ac] (two pair, Aces and Sixes)
50CandyJoe collected $100.38 from pot
*** SECOND SHOW DOWN ***
BumHuntKing: shows [Ks Ad] (three of a kind, Sevens)
50CandyJoe: shows [Ah Ac] (a full house, Sevens full of Aces)
50CandyJoe collected $100.37 from pot
*** SUMMARY ***
Total pot $203.25 | Rake $2.50 
Hand was run twice
FIRST Board [Qs 6c 2c 2h 6d]
SECOND Board [7s 7d Tc 5c 7c]
Seat 1: VultureFulvus folded before Flop (didn't bet)
Seat 2: 7bekon7 folded before Flop
Seat 3: 50CandyJoe (button) showed [Ah Ac] and won ($100.38) with two pair, Aces and Sixes, and won ($100.37) with a full house, Sevens full of Aces
Seat 4: BumHuntKing (small blind) showed [Ks Ad] and lost with two pair, Sixes and Deuces, and lost with three of a kind, Sevens
Seat 5: mearly3 (big blind) folded before Flop
Seat 6: GuigaMan folded before Flop (didn't bet)



PokerStars Hand #254494425199:  Hold'em No Limit ($0.50/$1.00 USD) - 2025/01/21 2:54:48 WET [2025/01/21 21:54:48 ET]
Table 'Neshmet III' 6-max Seat #4 is the button
Seat 1: VultureFulvus ($89.04 in chips) 
Seat 2: 7bekon7 ($100 in chips) 
Seat 3: 50CandyJoe ($200.75 in chips) 
Seat 4: BumHuntKing ($179.81 in chips) 
Seat 5: mearly3 ($30.77 in chips) 
Seat 6: GuigaMan ($325.67 in chips) 
mearly3: posts small blind $0.50
GuigaMan: posts big blind $1
*** HOLE CARDS ***
VultureFulvus: folds 
7bekon7: folds 
50CandyJoe: raises $1.20 to $2.20
BumHuntKing: folds 
mearly3: folds 
GuigaMan: folds 
Uncalled bet ($1.20) returned to 50CandyJoe
50CandyJoe collected $2.50 from pot
50CandyJoe: doesn't show hand 
*** SUMMARY ***
Total pot $2.50 | Rake $0 
Seat 1: VultureFulvus folded before Flop (didn't bet)
Seat 2: 7bekon7 folded before Flop (didn't bet)
Seat 3: 50CandyJoe collected ($2.50)
Seat 4: BumHuntKing (button) folded before Flop (didn't bet)
Seat 5: mearly3 (small blind) folded before Flop
Seat 6: GuigaMan (big blind) folded before Flop



PokerStars Hand #254494427724:  Hold'em No Limit ($0.50/$1.00 USD) - 2025/01/21 2:55:09 WET [2025/01/21 21:55:09 ET]
Table 'Neshmet III' 6-max Seat #5 is the button
Seat 1: VultureFulvus ($89.04 in chips) 
Seat 2: 7bekon7 ($100 in chips) 
Seat 3: 50CandyJoe ($202.25 in chips) 
Seat 4: BumHuntKing ($179.81 in chips) 
Seat 5: mearly3 ($30.27 in chips) 
Seat 6: GuigaMan ($324.67 in chips) 
GuigaMan: posts small blind $0.50
VultureFulvus: posts big blind $1
*** HOLE CARDS ***
7bekon7: folds 
50CandyJoe: folds 
BumHuntKing: raises $1.20 to $2.20
mearly3: folds 
GuigaMan: folds 
VultureFulvus: calls $1.20
*** FLOP *** [8s 5d 2s]
VultureFulvus: checks 
BumHuntKing: bets $1.54
VultureFulvus: calls $1.54
*** TURN *** [8s 5d 2s] [Jd]
VultureFulvus: checks 
BumHuntKing: bets $7.58
VultureFulvus: folds 
Uncalled bet ($7.58) returned to BumHuntKing
BumHuntKing collected $7.58 from pot
BumHuntKing: doesn't show hand 
*** SUMMARY ***
Total pot $7.98 | Rake $0.40 
Board [8s 5d 2s Jd]
Seat 1: VultureFulvus (big blind) folded on the Turn
Seat 2: 7bekon7 folded before Flop (didn't bet)
Seat 3: 50CandyJoe folded before Flop (didn't bet)
Seat 4: BumHuntKing collected ($7.58)
Seat 5: mearly3 (button) folded before Flop (didn't bet)
Seat 6: GuigaMan (small blind) folded before Flop



PokerStars Hand #254494431964:  Hold'em No Limit ($0.50/$1.00 USD) - 2025/01/21 2:55:49 WET [2025/01/21 21:55:49 ET]
Table 'Neshmet III' 6-max Seat #6 is the button
Seat 1: VultureFulvus ($85.30 in chips) 
Seat 2: 7bekon7 ($100 in chips) 
Seat 3: 50CandyJoe ($202.25 in chips) 
Seat 4: BumHuntKing ($183.65 in chips) 
Seat 5: mearly3 ($30.27 in chips) 
Seat 6: GuigaMan ($324.17 in chips) 
VultureFulvus: posts small blind $0.50
7bekon7: posts big blind $1
*** HOLE CARDS ***
50CandyJoe: folds 
BumHuntKing: folds 
mearly3: folds 
GuigaMan: folds 
VultureFulvus: raises $2 to $3
7bekon7: calls $2
*** FLOP *** [Ah Ad Qs]
VultureFulvus: bets $2.85
7bekon7: folds 
Uncalled bet ($2.85) returned to VultureFulvus
VultureFulvus collected $5.70 from pot
*** SUMMARY ***
Total pot $6 | Rake $0.30 
Board [Ah Ad Qs]
Seat 1: VultureFulvus (small blind) collected ($5.70)
Seat 2: 7bekon7 (big blind) folded on the Flop
Seat 3: 50CandyJoe folded before Flop (didn't bet)
Seat 4: BumHuntKing folded before Flop (didn't bet)
Seat 5: mearly3 folded before Flop (didn't bet)
Seat 6: GuigaMan (button) folded before Flop (didn't bet)



PokerStars Hand #254494434999:  Hold'em No Limit ($0.50/$1.00 USD) - 2025/01/21 2:56:17 WET [2025/01/21 21:56:17 ET]
Table 'Neshmet III' 6-max Seat #1 is the button
Seat 1: VultureFulvus ($88 in chips) 
Seat 2: 7bekon7 ($100 in chips) 
Seat 3: 50CandyJoe ($202.25 in chips) 
Seat 4: BumHuntKing ($183.65 in chips) 
Seat 5: mearly3 ($30.27 in chips) 
Seat 6: GuigaMan ($324.17 in chips) 
7bekon7: posts small blind $0.50
50CandyJoe: posts big blind $1
*** HOLE CARDS ***
BumHuntKing: raises $1.20 to $2.20
mearly3: folds 
GuigaMan: folds 
VultureFulvus: calls $2.20
7bekon7: raises $7.60 to $9.80
50CandyJoe: folds 
BumHuntKing: folds 
VultureFulvus: raises $23.80 to $33.60
7bekon7: folds 
Uncalled bet ($23.80) returned to VultureFulvus
VultureFulvus collected $22.80 from pot
*** SUMMARY ***
Total pot $22.80 | Rake $0 
Seat 1: VultureFulvus (button) collected ($22.80)
Seat 2: 7bekon7 (small blind) folded before Flop
Seat 3: 50CandyJoe (big blind) folded before Flop
Seat 4: BumHuntKing folded before Flop
Seat 5: mearly3 folded before Flop (didn't bet)
Seat 6: GuigaMan folded before Flop (didn't bet)



PokerStars Hand #254494439752:  Hold'em No Limit ($0.50/$1.00 USD) - 2025/01/21 2:57:02 WET [2025/01/21 21:57:02 ET]
Table 'Neshmet III' 6-max Seat #2 is the button
Seat 4: BumHuntKing ($181.45 in chips) is sitting out
Seat 1: VultureFulvus ($101 in chips) 
Seat 2: 7bekon7 ($100 in chips) 
Seat 3: 50CandyJoe ($201.25 in chips) 
Seat 5: mearly3 ($30.27 in chips) 
Seat 6: GuigaMan ($324.17 in chips) 
50CandyJoe: posts small blind $0.50
BumHuntKing: is sitting out 
mearly3: posts big blind $1
*** HOLE CARDS ***
GuigaMan: folds 
BumHuntKing leaves the table
joaquin612 joins the table at seat #4 
VultureFulvus: folds 
7bekon7: folds 
50CandyJoe: folds 
Uncalled bet ($0.50) returned to mearly3
mearly3 collected $1 from pot
*** SUMMARY ***
Total pot $1 | Rake $0 
Seat 4: BumHuntKing
Seat 1: VultureFulvus folded before Flop (didn't bet)
Seat 2: 7bekon7 (button) folded before Flop (didn't bet)
Seat 3: 50CandyJoe (small blind) folded before Flop
Seat 5: mearly3 (big blind) collected ($1)
Seat 6: GuigaMan folded before Flop (didn't bet)



PokerStars Hand #254494442876:  Hold'em No Limit ($0.50/$1.00 USD) - 2025/01/21 2:57:31 WET [2025/01/21 21:57:31 ET]
Table 'Neshmet III' 6-max Seat #3 is the button
Seat 4: joaquin612 ($100 in chips) is sitting out
Seat 1: VultureFulvus ($101 in chips) 
Seat 2: 7bekon7 ($100 in chips) 
Seat 3: 50CandyJoe ($200.75 in chips) 
Seat 5: mearly3 ($30.77 in chips) 
Seat 6: GuigaMan ($324.17 in chips) 
mearly3: posts small blind $0.50
GuigaMan: posts big blind $1
*** HOLE CARDS ***
VultureFulvus: raises $2 to $3
7bekon7: folds 
50CandyJoe: folds 
mearly3: folds 
GuigaMan: folds 
Uncalled bet ($2) returned to VultureFulvus
VultureFulvus collected $2.50 from pot
*** SUMMARY ***
Total pot $2.50 | Rake $0 
Seat 4: joaquin612
Seat 1: VultureFulvus collected ($2.50)
Seat 2: 7bekon7 folded before Flop (didn't bet)
Seat 3: 50CandyJoe (button) folded before Flop (didn't bet)
Seat 5: mearly3 (small blind) folded before Flop
Seat 6: GuigaMan (big blind) folded before Flop



PokerStars Hand #254494444523:  Hold'em No Limit ($0.50/$1.00 USD) - 2025/01/21 2:57:46 WET [2025/01/21 21:57:46 ET]
Table 'Neshmet III' 6-max Seat #5 is the button
Seat 4: joaquin612 ($100 in chips) is sitting out
Seat 1: VultureFulvus ($102.50 in chips) 
Seat 2: 7bekon7 ($100 in chips) 
Seat 3: 50CandyJoe ($200.75 in chips) 
Seat 5: mearly3 ($30.27 in chips) 
Seat 6: GuigaMan ($323.17 in chips) 
GuigaMan: posts small blind $0.50
VultureFulvus: posts big blind $1
joaquin612: sits out 
*** HOLE CARDS ***
7bekon7: folds 
50CandyJoe: raises $1.20 to $2.20
mearly3: folds 
GuigaMan: folds 
VultureFulvus: calls $1.20
*** FLOP *** [Kh 4d 6d]
VultureFulvus: checks 
50CandyJoe: bets $1.54
VultureFulvus: calls $1.54
*** TURN *** [Kh 4d 6d] [Js]
VultureFulvus: checks 
50CandyJoe: bets $15.16
VultureFulvus: folds 
Uncalled bet ($15.16) returned to 50CandyJoe
50CandyJoe collected $7.58 from pot
50CandyJoe: doesn't show hand 
*** SUMMARY ***
Total pot $7.98 | Rake $0.40 
Board [Kh 4d 6d Js]
Seat 4: joaquin612
Seat 1: VultureFulvus (big blind) folded on the Turn
Seat 2: 7bekon7 folded before Flop (didn't bet)
Seat 3: 50CandyJoe collected ($7.58)
Seat 5: mearly3 (button) folded before Flop (didn't bet)
Seat 6: GuigaMan (small blind) folded before Flop



PokerStars Hand #254494449159:  Hold'em No Limit ($0.50/$1.00 USD) - 2025/01/21 2:58:29 WET [2025/01/21 21:58:29 ET]
Table 'Neshmet III' 6-max Seat #6 is the button
Seat 4: joaquin612 ($100 in chips) is sitting out
Seat 1: VultureFulvus ($98.76 in chips) 
Seat 2: 7bekon7 ($100 in chips) 
Seat 3: 50CandyJoe ($204.59 in chips) 
Seat 5: mearly3 ($30.27 in chips) 
Seat 6: GuigaMan ($322.67 in chips) 
VultureFulvus: posts small blind $0.50
7bekon7: posts big blind $1
joaquin612: sits out 
*** HOLE CARDS ***
50CandyJoe: folds 
mearly3: raises $1 to $2
GuigaMan: raises $4 to $6
VultureFulvus: folds 
7bekon7: folds 
mearly3: calls $4
*** FLOP *** [Kc 6h Jc]
mearly3: checks 
GuigaMan: bets $3.85
mearly3: calls $3.85
*** TURN *** [Kc 6h Jc] [3s]
mearly3: checks 
GuigaMan: checks 
*** RIVER *** [Kc 6h Jc 3s] [Th]
mearly3: bets $10.07
GuigaMan: folds 
Uncalled bet ($10.07) returned to mearly3
mearly3 collected $20.14 from pot
*** SUMMARY ***
Total pot $21.20 | Rake $1.06 
Board [Kc 6h Jc 3s Th]
Seat 4: joaquin612
Seat 1: VultureFulvus (small blind) folded before Flop
Seat 2: 7bekon7 (big blind) folded before Flop
Seat 3: 50CandyJoe folded before Flop (didn't bet)
Seat 5: mearly3 collected ($20.14)
Seat 6: GuigaMan (button) folded on the River



PokerStars Hand #254494452971:  Hold'em No Limit ($0.50/$1.00 USD) - 2025/01/21 2:59:04 WET [2025/01/21 21:59:04 ET]
Table 'Neshmet III' 6-max Seat #1 is the button
Seat 4: joaquin612 ($100 in chips) is sitting out
Seat 1: VultureFulvus ($98.26 in chips) 
Seat 2: 7bekon7 ($100 in chips) 
Seat 3: 50CandyJoe ($204.59 in chips) 
Seat 5: mearly3 ($40.56 in chips) 
Seat 6: GuigaMan ($312.82 in chips) 
7bekon7: posts small blind $0.50
50CandyJoe: posts big blind $1
joaquin612: sits out 
*** HOLE CARDS ***
mearly3: raises $1 to $2
GuigaMan: folds 
VultureFulvus: calls $2
7bekon7: folds 
50CandyJoe: calls $1
*** FLOP *** [6s 7d 2d]
50CandyJoe: checks 
mearly3: bets $3
VultureFulvus: calls $3
50CandyJoe: folds 
*** TURN *** [6s 7d 2d] [9h]
mearly3: bets $12
VultureFulvus: folds 
Uncalled bet ($12) returned to mearly3
mearly3 collected $11.88 from pot
*** SUMMARY ***
Total pot $12.50 | Rake $0.62 
Board [6s 7d 2d 9h]
Seat 4: joaquin612
Seat 1: VultureFulvus (button) folded on the Turn
Seat 2: 7bekon7 (small blind) folded before Flop
Seat 3: 50CandyJoe (big blind) folded on the Flop
Seat 5: mearly3 collected ($11.88)
Seat 6: GuigaMan folded before Flop (didn't bet)



PokerStars Hand #254494458387:  Hold'em No Limit ($0.50/$1.00 USD) - 2025/01/21 2:59:53 WET [2025/01/21 21:59:53 ET]
Table 'Neshmet III' 6-max Seat #2 is the button
Seat 1: VultureFulvus ($93.26 in chips) 
Seat 2: 7bekon7 ($100 in chips) 
Seat 3: 50CandyJoe ($202.59 in chips) 
Seat 4: joaquin612 ($100 in chips) 
Seat 5: mearly3 ($47.44 in chips) 
Seat 6: GuigaMan ($312.82 in chips) 
50CandyJoe: posts small blind $0.50
joaquin612: posts big blind $1
*** HOLE CARDS ***
mearly3: folds 
GuigaMan: raises $1.10 to $2.10
VultureFulvus: raises $6.10 to $8.20
7bekon7: folds 
50CandyJoe: folds 
joaquin612: folds 
GuigaMan: calls $6.10
*** FLOP *** [Qs 4c Tc]
GuigaMan: checks 
VultureFulvus: bets $10.50
GuigaMan: raises $13.50 to $24
VultureFulvus: raises $61.06 to $85.06 and is all-in
GuigaMan: calls $61.06
*** TURN *** [Qs 4c Tc] [Th]
*** RIVER *** [Qs 4c Tc Th] [Ad]
*** SHOW DOWN ***
GuigaMan: shows [4h 4s] (a full house, Fours full of Tens)
VultureFulvus: shows [Jd Qh] (two pair, Queens and Tens)
GuigaMan collected $185.52 from pot
*** SUMMARY ***
Total pot $188.02 | Rake $2.50 
Board [Qs 4c Tc Th Ad]
Seat 1: VultureFulvus showed [Jd Qh] and lost with two pair, Queens and Tens
Seat 2: 7bekon7 (button) folded before Flop (didn't bet)
Seat 3: 50CandyJoe (small blind) folded before Flop
Seat 4: joaquin612 (big blind) folded before Flop
Seat 5: mearly3 folded before Flop (didn't bet)
Seat 6: GuigaMan showed [4h 4s] and won ($185.52) with a full house, Fours full of Tens



PokerStars Hand #254494469773:  Hold'em No Limit ($0.50/$1.00 USD) - 2025/01/21 3:01:22 WET [2025/01/21 22:01:22 ET]
Table 'Neshmet III' 6-max Seat #3 is the button
Seat 1: VultureFulvus ($0 in chips) is sitting out
Seat 2: 7bekon7 ($100 in chips) 
Seat 3: 50CandyJoe ($202.09 in chips) 
Seat 4: joaquin612 ($100 in chips) 
Seat 5: mearly3 ($47.44 in chips) 
Seat 6: GuigaMan ($405.08 in chips) 
joaquin612: posts small blind $0.50
mearly3: posts big blind $1
*** HOLE CARDS ***
GuigaMan: folds 
7bekon7: folds 
50CandyJoe: folds 
joaquin612: raises $2 to $3
mearly3: folds 
Uncalled bet ($2) returned to joaquin612
joaquin612 collected $2 from pot
joaquin612: doesn't show hand 
*** SUMMARY ***
Total pot $2 | Rake $0 
Seat 1: VultureFulvus
Seat 2: 7bekon7 folded before Flop (didn't bet)
Seat 3: 50CandyJoe (button) folded before Flop (didn't bet)
Seat 4: joaquin612 (small blind) collected ($2)
Seat 5: mearly3 (big blind) folded before Flop
Seat 6: GuigaMan folded before Flop (didn't bet)



PokerStars Hand #254494472234:  Hold'em No Limit ($0.50/$1.00 USD) - 2025/01/21 3:01:40 WET [2025/01/21 22:01:40 ET]
Table 'Neshmet III' 6-max Seat #4 is the button
Seat 1: VultureFulvus ($0 in chips) is sitting out
Seat 2: 7bekon7 ($100 in chips) 
Seat 3: 50CandyJoe ($202.09 in chips) 
Seat 4: joaquin612 ($101 in chips) 
Seat 5: mearly3 ($46.44 in chips) 
Seat 6: GuigaMan ($405.08 in chips) 
mearly3: posts small blind $0.50
GuigaMan: posts big blind $1
*** HOLE CARDS ***
7bekon7: folds 
50CandyJoe: folds 
joaquin612: folds 
mearly3: folds 
Uncalled bet ($0.50) returned to GuigaMan
VultureFulvus is disconnected 
GuigaMan collected $1 from pot
*** SUMMARY ***
Total pot $1 | Rake $0 
Seat 1: VultureFulvus
Seat 2: 7bekon7 folded before Flop (didn't bet)
Seat 3: 50CandyJoe folded before Flop (didn't bet)
Seat 4: joaquin612 (button) folded before Flop (didn't bet)
Seat 5: mearly3 (small blind) folded before Flop
Seat 6: GuigaMan (big blind) collected ($1)



PokerStars Hand #254494474107:  Hold'em No Limit ($0.50/$1.00 USD) - 2025/01/21 3:01:54 WET [2025/01/21 22:01:54 ET]
Table 'Neshmet III' 6-max Seat #5 is the button
Seat 1: VultureFulvus ($0 in chips) is sitting out
Seat 2: 7bekon7 ($100 in chips) 
Seat 3: 50CandyJoe ($202.09 in chips) 
Seat 4: joaquin612 ($101 in chips) 
Seat 5: mearly3 ($45.94 in chips) 
Seat 6: GuigaMan ($405.58 in chips) 
GuigaMan: posts small blind $0.50
7bekon7: posts big blind $1
*** HOLE CARDS ***
50CandyJoe: folds 
joaquin612: folds 
mearly3: folds 
GuigaMan: raises $2 to $3
7bekon7: calls $2
*** FLOP *** [Ts Jd 7s]
GuigaMan: checks 
7bekon7: checks 
*** TURN *** [Ts Jd 7s] [Ac]
GuigaMan: checks 
7bekon7: checks 
*** RIVER *** [Ts Jd 7s Ac] [9s]
GuigaMan: checks 
7bekon7: checks 
*** SHOW DOWN ***
GuigaMan: shows [6d Kh] (high card Ace)
7bekon7: shows [5d 5h] (a pair of Fives)
7bekon7 collected $5.70 from pot
*** SUMMARY ***
Total pot $6 | Rake $0.30 
Board [Ts Jd 7s Ac 9s]
Seat 1: VultureFulvus
Seat 2: 7bekon7 (big blind) showed [5d 5h] and won ($5.70) with a pair of Fives
Seat 3: 50CandyJoe folded before Flop (didn't bet)
Seat 4: joaquin612 folded before Flop (didn't bet)
Seat 5: mearly3 (button) folded before Flop (didn't bet)
Seat 6: GuigaMan (small blind) showed [6d Kh] and lost with high card Ace



PokerStars Hand #254494481262:  Hold'em No Limit ($0.50/$1.00 USD) - 2025/01/21 3:02:46 WET [2025/01/21 22:02:46 ET]
Table 'Neshmet III' 6-max Seat #6 is the button
Seat 1: VultureFulvus ($0 in chips) is sitting out
Seat 2: 7bekon7 ($102.70 in chips) 
Seat 3: 50CandyJoe ($202.09 in chips) 
Seat 4: joaquin612 ($101 in chips) 
Seat 5: mearly3 ($45.94 in chips) 
Seat 6: GuigaMan ($402.58 in chips) 
7bekon7: posts small blind $0.50
50CandyJoe: posts big blind $1
*** HOLE CARDS ***
joaquin612: raises $1.50 to $2.50
mearly3: folds 
GuigaMan: folds 
7bekon7: folds 
50CandyJoe: raises $10 to $12.50
joaquin612: calls $10
*** FLOP *** [2h Kc 5c]
50CandyJoe: bets $7.99
joaquin612: folds 
Uncalled bet ($7.99) returned to 50CandyJoe
50CandyJoe collected $24.22 from pot
50CandyJoe: doesn't show hand 
*** SUMMARY ***
Total pot $25.50 | Rake $1.28 
Board [2h Kc 5c]
Seat 1: VultureFulvus
Seat 2: 7bekon7 (small blind) folded before Flop
Seat 3: 50CandyJoe (big blind) collected ($24.22)
Seat 4: joaquin612 folded on the Flop
Seat 5: mearly3 folded before Flop (didn't bet)
Seat 6: GuigaMan (button) folded before Flop (didn't bet)



PokerStars Hand #254494487351:  Hold'em No Limit ($0.50/$1.00 USD) - 2025/01/21 3:03:31 WET [2025/01/21 22:03:31 ET]
Table 'Neshmet III' 6-max Seat #2 is the button
Seat 1: VultureFulvus ($0 in chips) is sitting out
Seat 2: 7bekon7 ($102.20 in chips) 
Seat 3: 50CandyJoe ($213.81 in chips) 
Seat 4: joaquin612 ($100 in chips) 
Seat 5: mearly3 ($45.94 in chips) 
Seat 6: GuigaMan ($402.58 in chips) 
50CandyJoe: posts small blind $0.50
joaquin612: posts big blind $1
*** HOLE CARDS ***
mearly3: folds 
GuigaMan: folds 
7bekon7: folds 
50CandyJoe: folds 
Uncalled bet ($0.50) returned to joaquin612
joaquin612 collected $1 from pot
joaquin612: doesn't show hand 
*** SUMMARY ***
Total pot $1 | Rake $0 
Seat 1: VultureFulvus
Seat 2: 7bekon7 (button) folded before Flop (didn't bet)
Seat 3: 50CandyJoe (small blind) folded before Flop
Seat 4: joaquin612 (big blind) collected ($1)
Seat 5: mearly3 folded before Flop (didn't bet)
Seat 6: GuigaMan folded before Flop (didn't bet)



PokerStars Hand #254494489940:  Hold'em No Limit ($0.50/$1.00 USD) - 2025/01/21 3:03:49 WET [2025/01/21 22:03:49 ET]
Table 'Neshmet III' 6-max Seat #3 is the button
Seat 1: VultureFulvus ($0 in chips) is sitting out
Seat 2: 7bekon7 ($102.20 in chips) 
Seat 3: 50CandyJoe ($213.31 in chips) 
Seat 4: joaquin612 ($100.50 in chips) 
Seat 5: mearly3 ($45.94 in chips) 
Seat 6: GuigaMan ($402.58 in chips) 
joaquin612: posts small blind $0.50
mearly3: posts big blind $1
*** HOLE CARDS ***
GuigaMan: folds 
7bekon7: folds 
50CandyJoe: raises $1.50 to $2.50
joaquin612: folds 
mearly3: calls $1.50
*** FLOP *** [Kc Jd 9d]
mearly3: checks 
50CandyJoe: checks 
*** TURN *** [Kc Jd 9d] [4c]
mearly3: bets $4
50CandyJoe: calls $4
*** RIVER *** [Kc Jd 9d 4c] [Jh]
mearly3: bets $11
50CandyJoe: folds 
Uncalled bet ($11) returned to mearly3
mearly3 collected $12.82 from pot
*** SUMMARY ***
Total pot $13.50 | Rake $0.68 
Board [Kc Jd 9d 4c Jh]
Seat 1: VultureFulvus
Seat 2: 7bekon7 folded before Flop (didn't bet)
Seat 3: 50CandyJoe (button) folded on the River
Seat 4: joaquin612 (small blind) folded before Flop
Seat 5: mearly3 (big blind) collected ($12.82)
Seat 6: GuigaMan folded before Flop (didn't bet)



PokerStars Hand #254494496685:  Hold'em No Limit ($0.50/$1.00 USD) - 2025/01/21 3:04:39 WET [2025/01/21 22:04:39 ET]
Table 'Neshmet III' 6-max Seat #4 is the button
Seat 1: VultureFulvus ($0 in chips) is sitting out
Seat 2: 7bekon7 ($102.20 in chips) 
Seat 3: 50CandyJoe ($206.81 in chips) 
Seat 4: joaquin612 ($100 in chips) 
Seat 5: mearly3 ($52.26 in chips) 
Seat 6: GuigaMan ($402.58 in chips) 
mearly3: posts small blind $0.50
GuigaMan: posts big blind $1
*** HOLE CARDS ***
7bekon7: folds 
50CandyJoe: folds 
joaquin612: folds 
mearly3: folds 
Uncalled bet ($0.50) returned to GuigaMan
GuigaMan collected $1 from pot
*** SUMMARY ***
Total pot $1 | Rake $0 
Seat 1: VultureFulvus
Seat 2: 7bekon7 folded before Flop (didn't bet)
Seat 3: 50CandyJoe folded before Flop (didn't bet)
Seat 4: joaquin612 (button) folded before Flop (didn't bet)
Seat 5: mearly3 (small blind) folded before Flop
Seat 6: GuigaMan (big blind) collected ($1)



PokerStars Hand #254494498083:  Hold'em No Limit ($0.50/$1.00 USD) - 2025/01/21 3:04:50 WET [2025/01/21 22:04:50 ET]
Table 'Neshmet III' 6-max Seat #5 is the button
Seat 1: VultureFulvus ($0 in chips) is sitting out
Seat 2: 7bekon7 ($102.20 in chips) 
Seat 3: 50CandyJoe ($206.81 in chips) 
Seat 4: joaquin612 ($100 in chips) 
Seat 5: mearly3 ($51.76 in chips) 
Seat 6: GuigaMan ($403.08 in chips) 
GuigaMan: posts small blind $0.50
7bekon7: posts big blind $1
*** HOLE CARDS ***
50CandyJoe: folds 
joaquin612: folds 
mearly3: folds 
GuigaMan: raises $2 to $3
7bekon7: folds 
Uncalled bet ($2) returned to GuigaMan
GuigaMan collected $2 from pot
*** SUMMARY ***
Total pot $2 | Rake $0 
Seat 1: VultureFulvus
Seat 2: 7bekon7 (big blind) folded before Flop
Seat 3: 50CandyJoe folded before Flop (didn't bet)
Seat 4: joaquin612 folded before Flop (didn't bet)
Seat 5: mearly3 (button) folded before Flop (didn't bet)
Seat 6: GuigaMan (small blind) collected ($2)



PokerStars Hand #254494500404:  Hold'em No Limit ($0.50/$1.00 USD) - 2025/01/21 3:05:07 WET [2025/01/21 22:05:07 ET]
Table 'Neshmet III' 6-max Seat #6 is the button
Seat 1: VultureFulvus ($0 in chips) is sitting out
Seat 2: 7bekon7 ($101.20 in chips) 
Seat 3: 50CandyJoe ($206.81 in chips) 
Seat 4: joaquin612 ($100 in chips) 
Seat 5: mearly3 ($51.76 in chips) 
Seat 6: GuigaMan ($404.08 in chips) 
7bekon7: posts small blind $0.50
50CandyJoe: posts big blind $1
*** HOLE CARDS ***
joaquin612: raises $1.50 to $2.50
mearly3: folds 
GuigaMan: folds 
7bekon7: folds 
50CandyJoe: folds 
Uncalled bet ($1.50) returned to joaquin612
joaquin612 collected $2.50 from pot
joaquin612: doesn't show hand 
*** SUMMARY ***
Total pot $2.50 | Rake $0 
Seat 1: VultureFulvus
Seat 2: 7bekon7 (small blind) folded before Flop
Seat 3: 50CandyJoe (big blind) folded before Flop
Seat 4: joaquin612 collected ($2.50)
Seat 5: mearly3 folded before Flop (didn't bet)
Seat 6: GuigaMan (button) folded before Flop (didn't bet)



PokerStars Hand #254494502507:  Hold'em No Limit ($0.50/$1.00 USD) - 2025/01/21 3:05:22 WET [2025/01/21 22:05:22 ET]
Table 'Neshmet III' 6-max Seat #2 is the button
Seat 1: VultureFulvus ($0 in chips) is sitting out
Seat 2: 7bekon7 ($100.70 in chips) 
Seat 3: 50CandyJoe ($205.81 in chips) 
Seat 4: joaquin612 ($101.50 in chips) 
Seat 5: mearly3 ($51.76 in chips) 
Seat 6: GuigaMan ($404.08 in chips) 
50CandyJoe: posts small blind $0.50
joaquin612: posts big blind $1
*** HOLE CARDS ***
mearly3: folds 
GuigaMan: folds 
7bekon7: folds 
50CandyJoe: folds 
Uncalled bet ($0.50) returned to joaquin612
joaquin612 collected $1 from pot
joaquin612: doesn't show hand 
*** SUMMARY ***
Total pot $1 | Rake $0 
Seat 1: VultureFulvus
Seat 2: 7bekon7 (button) folded before Flop (didn't bet)
Seat 3: 50CandyJoe (small blind) folded before Flop
Seat 4: joaquin612 (big blind) collected ($1)
Seat 5: mearly3 folded before Flop (didn't bet)
Seat 6: GuigaMan folded before Flop (didn't bet)



PokerStars Hand #254494505237:  Hold'em No Limit ($0.50/$1.00 USD) - 2025/01/21 3:05:43 WET [2025/01/21 22:05:43 ET]
Table 'Neshmet III' 6-max Seat #3 is the button
Seat 1: VultureFulvus ($0 in chips) is sitting out
Seat 2: 7bekon7 ($100.70 in chips) 
Seat 3: 50CandyJoe ($205.31 in chips) 
Seat 4: joaquin612 ($102 in chips) 
Seat 5: mearly3 ($51.76 in chips) 
Seat 6: GuigaMan ($404.08 in chips) 
joaquin612: posts small blind $0.50
mearly3: posts big blind $1
*** HOLE CARDS ***
GuigaMan: folds 
7bekon7: folds 
50CandyJoe: raises $1.50 to $2.50
joaquin612: folds 
mearly3: folds 
Uncalled bet ($1.50) returned to 50CandyJoe
50CandyJoe collected $2.50 from pot
50CandyJoe: doesn't show hand 
*** SUMMARY ***
Total pot $2.50 | Rake $0 
Seat 1: VultureFulvus
Seat 2: 7bekon7 folded before Flop (didn't bet)
Seat 3: 50CandyJoe (button) collected ($2.50)
Seat 4: joaquin612 (small blind) folded before Flop
Seat 5: mearly3 (big blind) folded before Flop
Seat 6: GuigaMan folded before Flop (didn't bet)



PokerStars Hand #254494508176:  Hold'em No Limit ($0.50/$1.00 USD) - 2025/01/21 3:06:05 WET [2025/01/21 22:06:05 ET]
Table 'Neshmet III' 6-max Seat #4 is the button
Seat 1: VultureFulvus ($0 in chips) is sitting out
Seat 2: 7bekon7 ($100.70 in chips) 
Seat 3: 50CandyJoe ($206.81 in chips) 
Seat 4: joaquin612 ($101.50 in chips) 
Seat 5: mearly3 ($50.76 in chips) 
Seat 6: GuigaMan ($404.08 in chips) 
mearly3: posts small blind $0.50
GuigaMan: posts big blind $1
*** HOLE CARDS ***
7bekon7: folds 
50CandyJoe: raises $1.20 to $2.20
joaquin612: folds 
mearly3: calls $1.70
GuigaMan: folds 
*** FLOP *** [4h Kd 6c]
mearly3: checks 
50CandyJoe: bets $1.28
mearly3: calls $1.28
*** TURN *** [4h Kd 6c] [3d]
mearly3: checks 
50CandyJoe: checks 
*** RIVER *** [4h Kd 6c 3d] [6h]
mearly3: checks 
50CandyJoe: checks 
*** SHOW DOWN ***
mearly3: shows [Jh 3h] (two pair, Sixes and Threes)
50CandyJoe: mucks hand 
mearly3 collected $7.56 from pot
*** SUMMARY ***
Total pot $7.96 | Rake $0.40 
Board [4h Kd 6c 3d 6h]
Seat 1: VultureFulvus
Seat 2: 7bekon7 folded before Flop (didn't bet)
Seat 3: 50CandyJoe mucked
Seat 4: joaquin612 (button) folded before Flop (didn't bet)
Seat 5: mearly3 (small blind) showed [Jh 3h] and won ($7.56) with two pair, Sixes and Threes
Seat 6: GuigaMan (big blind) folded before Flop



PokerStars Hand #254494513016:  Hold'em No Limit ($0.50/$1.00 USD) - 2025/01/21 3:06:41 WET [2025/01/21 22:06:41 ET]
Table 'Neshmet III' 6-max Seat #5 is the button
Seat 1: VultureFulvus ($0 in chips) is sitting out
Seat 2: 7bekon7 ($100.70 in chips) is sitting out
Seat 3: 50CandyJoe ($203.33 in chips) 
Seat 4: joaquin612 ($101.50 in chips) 
Seat 5: mearly3 ($54.84 in chips) 
Seat 6: GuigaMan ($403.08 in chips) 
GuigaMan: posts small blind $0.50
7bekon7: is sitting out 
50CandyJoe: posts big blind $1
*** HOLE CARDS ***
joaquin612: folds 
mearly3: folds 
7bekon7 leaves the table
vezis3 joins the table at seat #2 
GuigaMan: folds 
Uncalled bet ($0.50) returned to 50CandyJoe
50CandyJoe collected $1 from pot
50CandyJoe: doesn't show hand 
*** SUMMARY ***
Total pot $1 | Rake $0 
Seat 1: VultureFulvus
Seat 2: 7bekon7
Seat 3: 50CandyJoe (big blind) collected ($1)
Seat 4: joaquin612 folded before Flop (didn't bet)
Seat 5: mearly3 (button) folded before Flop (didn't bet)
Seat 6: GuigaMan (small blind) folded before Flop



PokerStars Hand #254494515386:  Hold'em No Limit ($0.50/$1.00 USD) - 2025/01/21 3:06:58 WET [2025/01/21 22:06:58 ET]
Table 'Neshmet III' 6-max Seat #6 is the button
Seat 1: VultureFulvus ($0 in chips) is sitting out
Seat 2: vezis3 ($110.85 in chips) is sitting out
Seat 3: 50CandyJoe ($203.83 in chips) 
Seat 4: joaquin612 ($101.50 in chips) 
Seat 5: mearly3 ($54.84 in chips) 
Seat 6: GuigaMan ($402.58 in chips) 
50CandyJoe: posts small blind $0.50
joaquin612: posts big blind $1
*** HOLE CARDS ***
mearly3: folds 
GuigaMan: raises $1.10 to $2.10
50CandyJoe: folds 
joaquin612: calls $1.10
*** FLOP *** [Jc 7d 6s]
joaquin612: checks 
GuigaMan: checks 
*** TURN *** [Jc 7d 6s] [8c]
joaquin612: bets $3.35
GuigaMan: folds 
Uncalled bet ($3.35) returned to joaquin612
joaquin612 collected $4.46 from pot
joaquin612: doesn't show hand 
*** SUMMARY ***
Total pot $4.70 | Rake $0.24 
Board [Jc 7d 6s 8c]
Seat 1: VultureFulvus
Seat 2: vezis3
Seat 3: 50CandyJoe (small blind) folded before Flop
Seat 4: joaquin612 (big blind) collected ($4.46)
Seat 5: mearly3 folded before Flop (didn't bet)
Seat 6: GuigaMan (button) folded on the Turn



PokerStars Hand #254494522821:  Hold'em No Limit ($0.50/$1.00 USD) - 2025/01/21 3:07:54 WET [2025/01/21 22:07:54 ET]
Table 'Neshmet III' 6-max Seat #3 is the button
Seat 1: VultureFulvus ($0 in chips) is sitting out
Seat 2: vezis3 ($110.85 in chips) is sitting out
Seat 3: 50CandyJoe ($203.33 in chips) 
Seat 4: joaquin612 ($103.86 in chips) 
Seat 5: mearly3 ($54.84 in chips) 
Seat 6: GuigaMan ($400.48 in chips) 
joaquin612: posts small blind $0.50
mearly3: posts big blind $1
vezis3: sits out 
*** HOLE CARDS ***
GuigaMan: raises $1.10 to $2.10
50CandyJoe: calls $2.10
joaquin612: folds 
mearly3: calls $1.10
*** FLOP *** [Js 9d 2h]
mearly3: checks 
GuigaMan: checks 
50CandyJoe: checks 
*** TURN *** [Js 9d 2h] [Ad]
mearly3: checks 
GuigaMan: bets $4.85
50CandyJoe: calls $4.85
mearly3: folds 
*** RIVER *** [Js 9d 2h Ad] [7h]
GuigaMan: checks 
50CandyJoe: bets $12.50
GuigaMan: calls $12.50
*** SHOW DOWN ***
50CandyJoe: shows [6d 4d] (high card Ace)
GuigaMan: shows [Kd As] (a pair of Aces)
GuigaMan collected $40.50 from pot
*** SUMMARY ***
Total pot $41.50 | Rake $1 
Board [Js 9d 2h Ad 7h]
Seat 1: VultureFulvus
Seat 2: vezis3
Seat 3: 50CandyJoe (button) showed [6d 4d] and lost with high card Ace
Seat 4: joaquin612 (small blind) folded before Flop
Seat 5: mearly3 (big blind) folded on the Turn
Seat 6: GuigaMan showed [Kd As] and won ($40.50) with a pair of Aces



PokerStars Hand #254494531215:  Hold'em No Limit ($0.50/$1.00 USD) - 2025/01/21 3:08:56 WET [2025/01/21 22:08:56 ET]
Table 'Neshmet III' 6-max Seat #4 is the button
Seat 1: VultureFulvus ($0 in chips) is sitting out
Seat 2: vezis3 ($110.85 in chips) is sitting out
Seat 3: 50CandyJoe ($183.88 in chips) 
Seat 4: joaquin612 ($103.36 in chips) 
Seat 5: mearly3 ($52.74 in chips) 
Seat 6: GuigaMan ($421.53 in chips) 
mearly3: posts small blind $0.50
GuigaMan: posts big blind $1
vezis3: sits out 
*** HOLE CARDS ***
50CandyJoe: raises $1.20 to $2.20
joaquin612: folds 
mearly3: folds 
GuigaMan: calls $1.20
*** FLOP *** [Ks 7h Ac]
GuigaMan: checks 
50CandyJoe: checks 
*** TURN *** [Ks 7h Ac] [4h]
GuigaMan: checks 
50CandyJoe: checks 
*** RIVER *** [Ks 7h Ac 4h] [As]
GuigaMan: checks 
50CandyJoe: bets $4.66
GuigaMan: folds 
Uncalled bet ($4.66) returned to 50CandyJoe
50CandyJoe collected $4.66 from pot
50CandyJoe: doesn't show hand 
*** SUMMARY ***
Total pot $4.90 | Rake $0.24 
Board [Ks 7h Ac 4h As]
Seat 1: VultureFulvus
Seat 2: vezis3
Seat 3: 50CandyJoe collected ($4.66)
Seat 4: joaquin612 (button) folded before Flop (didn't bet)
Seat 5: mearly3 (small blind) folded before Flop
Seat 6: GuigaMan (big blind) folded on the River



PokerStars Hand #254494537716:  Hold'em No Limit ($0.50/$1.00 USD) - 2025/01/21 3:09:44 WET [2025/01/21 22:09:44 ET]
Table 'Neshmet III' 6-max Seat #5 is the button
Seat 1: VultureFulvus ($0 in chips) is sitting out
Seat 2: vezis3 ($110.85 in chips) 
Seat 3: 50CandyJoe ($186.34 in chips) 
Seat 4: joaquin612 ($103.36 in chips) 
Seat 5: mearly3 ($52.24 in chips) 
Seat 6: GuigaMan ($419.33 in chips) 
GuigaMan: posts small blind $0.50
vezis3: posts big blind $1
*** HOLE CARDS ***
50CandyJoe: raises $1.20 to $2.20
joaquin612: folds 
mearly3: folds 
GuigaMan: folds 
vezis3: calls $1.20
*** FLOP *** [Td Kd 3h]
vezis3: checks 
50CandyJoe: bets $1.54
vezis3: folds 
Uncalled bet ($1.54) returned to 50CandyJoe
50CandyJoe collected $4.66 from pot
VultureFulvus leaves the table
50CandyJoe: doesn't show hand 
*** SUMMARY ***
Total pot $4.90 | Rake $0.24 
Board [Td Kd 3h]
Seat 1: VultureFulvus
Seat 2: vezis3 (big blind) folded on the Flop
Seat 3: 50CandyJoe collected ($4.66)
Seat 4: joaquin612 folded before Flop (didn't bet)
Seat 5: mearly3 (button) folded before Flop (didn't bet)
Seat 6: GuigaMan (small blind) folded before Flop



PokerStars Hand #254494540673:  Hold'em No Limit ($0.50/$1.00 USD) - 2025/01/21 3:10:06 WET [2025/01/21 22:10:06 ET]
Table 'Neshmet III' 6-max Seat #6 is the button
Seat 2: vezis3 ($108.65 in chips) 
Seat 3: 50CandyJoe ($188.80 in chips) 
Seat 4: joaquin612 ($103.36 in chips) 
Seat 5: mearly3 ($52.24 in chips) 
Seat 6: GuigaMan ($418.83 in chips) 
vezis3: posts small blind $0.50
50CandyJoe: posts big blind $1
*** HOLE CARDS ***
joaquin612: folds 
mearly3: folds 
GuigaMan: folds 
vezis3: raises $2 to $3
50CandyJoe: raises $7 to $10
vezis3: calls $7
*** FLOP *** [9h 4s Ks]
vezis3: checks 
50CandyJoe: bets $6.27
vezis3: folds 
Uncalled bet ($6.27) returned to 50CandyJoe
iTrustU21 joins the table at seat #1 
50CandyJoe collected $19 from pot
50CandyJoe: doesn't show hand 
*** SUMMARY ***
Total pot $20 | Rake $1 
Board [9h 4s Ks]
Seat 2: vezis3 (small blind) folded on the Flop
Seat 3: 50CandyJoe (big blind) collected ($19)
Seat 4: joaquin612 folded before Flop (didn't bet)
Seat 5: mearly3 folded before Flop (didn't bet)
Seat 6: GuigaMan (button) folded before Flop (didn't bet)



PokerStars Hand #254494546575:  Hold'em No Limit ($0.50/$1.00 USD) - 2025/01/21 3:10:51 WET [2025/01/21 22:10:51 ET]
Table 'Neshmet III' 6-max Seat #2 is the button
Seat 1: iTrustU21 ($10 in chips) is sitting out
Seat 2: vezis3 ($100 in chips) 
Seat 3: 50CandyJoe ($197.80 in chips) 
Seat 4: joaquin612 ($103.36 in chips) 
Seat 5: mearly3 ($52.24 in chips) 
Seat 6: GuigaMan ($418.83 in chips) 
50CandyJoe: posts small blind $0.50
joaquin612: posts big blind $1
iTrustU21: sits out 
*** HOLE CARDS ***
mearly3: raises $1 to $2
GuigaMan: folds 
vezis3: folds 
50CandyJoe: folds 
joaquin612: folds 
Uncalled bet ($1) returned to mearly3
mearly3 collected $2.50 from pot
*** SUMMARY ***
Total pot $2.50 | Rake $0 
Seat 1: iTrustU21
Seat 2: vezis3 (button) folded before Flop (didn't bet)
Seat 3: 50CandyJoe (small blind) folded before Flop
Seat 4: joaquin612 (big blind) folded before Flop
Seat 5: mearly3 collected ($2.50)
Seat 6: GuigaMan folded before Flop (didn't bet)



PokerStars Hand #254494548481:  Hold'em No Limit ($0.50/$1.00 USD) - 2025/01/21 3:11:06 WET [2025/01/21 22:11:06 ET]
Table 'Neshmet III' 6-max Seat #3 is the button
Seat 1: iTrustU21 ($10 in chips) is sitting out
Seat 2: vezis3 ($100 in chips) 
Seat 3: 50CandyJoe ($197.30 in chips) 
Seat 4: joaquin612 ($102.36 in chips) 
Seat 5: mearly3 ($53.74 in chips) 
Seat 6: GuigaMan ($418.83 in chips) 
joaquin612: posts small blind $0.50
mearly3: posts big blind $1
iTrustU21: sits out 
*** HOLE CARDS ***
GuigaMan: folds 
vezis3: raises $1.40 to $2.40
50CandyJoe: folds 
joaquin612: folds 
mearly3: calls $1.40
*** FLOP *** [9h 5h 6s]
mearly3: checks 
vezis3: bets $3.88
mearly3: folds 
Uncalled bet ($3.88) returned to vezis3
vezis3 collected $5.04 from pot
vezis3: doesn't show hand 
*** SUMMARY ***
Total pot $5.30 | Rake $0.26 
Board [9h 5h 6s]
Seat 1: iTrustU21
Seat 2: vezis3 collected ($5.04)
Seat 3: 50CandyJoe (button) folded before Flop (didn't bet)
Seat 4: joaquin612 (small blind) folded before Flop
Seat 5: mearly3 (big blind) folded on the Flop
Seat 6: GuigaMan folded before Flop (didn't bet)



PokerStars Hand #254494552192:  Hold'em No Limit ($0.50/$1.00 USD) - 2025/01/21 3:11:35 WET [2025/01/21 22:11:35 ET]
Table 'Neshmet III' 6-max Seat #4 is the button
Seat 1: iTrustU21 ($10 in chips) is sitting out
Seat 2: vezis3 ($102.64 in chips) 
Seat 3: 50CandyJoe ($197.30 in chips) 
Seat 4: joaquin612 ($101.86 in chips) 
Seat 5: mearly3 ($51.34 in chips) 
Seat 6: GuigaMan ($418.83 in chips) 
mearly3: posts small blind $0.50
GuigaMan: posts big blind $1
iTrustU21: sits out 
*** HOLE CARDS ***
vezis3: folds 
50CandyJoe: folds 
joaquin612: raises $1.50 to $2.50
mearly3: calls $2
GuigaMan: folds 
*** FLOP *** [Ad 8h 5d]
mearly3: checks 
joaquin612: checks 
*** TURN *** [Ad 8h 5d] [2c]
mearly3: checks 
joaquin612: bets $1.88
mearly3: folds 
Uncalled bet ($1.88) returned to joaquin612
joaquin612 collected $5.70 from pot
joaquin612: doesn't show hand 
*** SUMMARY ***
Total pot $6 | Rake $0.30 
Board [Ad 8h 5d 2c]
Seat 1: iTrustU21
Seat 2: vezis3 folded before Flop (didn't bet)
Seat 3: 50CandyJoe folded before Flop (didn't bet)
Seat 4: joaquin612 (button) collected ($5.70)
Seat 5: mearly3 (small blind) folded on the Turn
Seat 6: GuigaMan (big blind) folded before Flop



PokerStars Hand #254494558454:  Hold'em No Limit ($0.50/$1.00 USD) - 2025/01/21 3:12:23 WET [2025/01/21 22:12:23 ET]
Table 'Neshmet III' 6-max Seat #5 is the button
Seat 1: iTrustU21 ($10 in chips) 
Seat 2: vezis3 ($102.64 in chips) 
Seat 3: 50CandyJoe ($197.30 in chips) 
Seat 4: joaquin612 ($105.06 in chips) 
Seat 5: mearly3 ($48.84 in chips) 
Seat 6: GuigaMan ($417.83 in chips) 
GuigaMan: posts small blind $0.50
iTrustU21: posts big blind $1
*** HOLE CARDS ***
vezis3: folds 
50CandyJoe: folds 
joaquin612: folds 
mearly3: raises $2 to $3
GuigaMan: folds 
iTrustU21: calls $2
*** FLOP *** [3d Qc 2s]
iTrustU21: checks 
mearly3: bets $3
iTrustU21: folds 
Uncalled bet ($3) returned to mearly3
mearly3 collected $6.18 from pot
*** SUMMARY ***
Total pot $6.50 | Rake $0.32 
Board [3d Qc 2s]
Seat 1: iTrustU21 (big blind) folded on the Flop
Seat 2: vezis3 folded before Flop (didn't bet)
Seat 3: 50CandyJoe folded before Flop (didn't bet)
Seat 4: joaquin612 folded before Flop (didn't bet)
Seat 5: mearly3 (button) collected ($6.18)
Seat 6: GuigaMan (small blind) folded before Flop



PokerStars Hand #254494565693:  Hold'em No Limit ($0.50/$1.00 USD) - 2025/01/21 3:13:19 WET [2025/01/21 22:13:19 ET]
Table 'Neshmet III' 6-max Seat #6 is the button
Seat 1: iTrustU21 ($100 in chips) 
Seat 2: vezis3 ($102.64 in chips) 
Seat 3: 50CandyJoe ($197.30 in chips) 
Seat 4: joaquin612 ($105.06 in chips) 
Seat 5: mearly3 ($52.02 in chips) 
Seat 6: GuigaMan ($417.33 in chips) 
iTrustU21: posts small blind $0.50
vezis3: posts big blind $1
*** HOLE CARDS ***
50CandyJoe: raises $1.20 to $2.20
joaquin612: folds 
mearly3: folds 
GuigaMan: folds 
iTrustU21: folds 
vezis3: folds 
Uncalled bet ($1.20) returned to 50CandyJoe
50CandyJoe collected $2.50 from pot
50CandyJoe: doesn't show hand 
*** SUMMARY ***
Total pot $2.50 | Rake $0 
Seat 1: iTrustU21 (small blind) folded before Flop
Seat 2: vezis3 (big blind) folded before Flop
Seat 3: 50CandyJoe collected ($2.50)
Seat 4: joaquin612 folded before Flop (didn't bet)
Seat 5: mearly3 folded before Flop (didn't bet)
Seat 6: GuigaMan (button) folded before Flop (didn't bet)



PokerStars Hand #254494569074:  Hold'em No Limit ($0.50/$1.00 USD) - 2025/01/21 3:13:44 WET [2025/01/21 22:13:44 ET]
Table 'Neshmet III' 6-max Seat #1 is the button
Seat 1: iTrustU21 ($99.50 in chips) 
Seat 2: vezis3 ($101.64 in chips) 
Seat 3: 50CandyJoe ($198.80 in chips) 
Seat 4: joaquin612 ($105.06 in chips) 
Seat 5: mearly3 ($52.02 in chips) 
Seat 6: GuigaMan ($417.33 in chips) 
vezis3: posts small blind $0.50
50CandyJoe: posts big blind $1
*** HOLE CARDS ***
joaquin612: raises $1.50 to $2.50
mearly3: folds 
GuigaMan: raises $5.50 to $8
iTrustU21: folds 
vezis3: folds 
50CandyJoe: folds 
joaquin612: calls $5.50
*** FLOP *** [9s Qh 8h]
joaquin612: checks 
GuigaMan: checks 
*** TURN *** [9s Qh 8h] [3h]
joaquin612: checks 
GuigaMan: bets $4.99
joaquin612: folds 
Uncalled bet ($4.99) returned to GuigaMan
GuigaMan collected $16.62 from pot
*** SUMMARY ***
Total pot $17.50 | Rake $0.88 
Board [9s Qh 8h 3h]
Seat 1: iTrustU21 (button) folded before Flop (didn't bet)
Seat 2: vezis3 (small blind) folded before Flop
Seat 3: 50CandyJoe (big blind) folded before Flop
Seat 4: joaquin612 folded on the Turn
Seat 5: mearly3 folded before Flop (didn't bet)
Seat 6: GuigaMan collected ($16.62)



PokerStars Hand #254494577024:  Hold'em No Limit ($0.50/$1.00 USD) - 2025/01/21 3:14:45 WET [2025/01/21 22:14:45 ET]
Table 'Neshmet III' 6-max Seat #2 is the button
Seat 1: iTrustU21 ($99.50 in chips) 
Seat 2: vezis3 ($101.14 in chips) 
Seat 3: 50CandyJoe ($197.80 in chips) 
Seat 4: joaquin612 ($100 in chips) 
Seat 5: mearly3 ($52.02 in chips) 
Seat 6: GuigaMan ($425.95 in chips) 
50CandyJoe: posts small blind $0.50
joaquin612: posts big blind $1
*** HOLE CARDS ***
mearly3: folds 
GuigaMan: folds 
iTrustU21: folds 
vezis3: raises $1.40 to $2.40
50CandyJoe: raises $7.60 to $10
joaquin612: folds 
vezis3: folds 
Uncalled bet ($7.60) returned to 50CandyJoe
50CandyJoe collected $5.80 from pot
50CandyJoe: doesn't show hand 
*** SUMMARY ***
Total pot $5.80 | Rake $0 
Seat 1: iTrustU21 folded before Flop (didn't bet)
Seat 2: vezis3 (button) folded before Flop
Seat 3: 50CandyJoe (small blind) collected ($5.80)
Seat 4: joaquin612 (big blind) folded before Flop
Seat 5: mearly3 folded before Flop (didn't bet)
Seat 6: GuigaMan folded before Flop (didn't bet)



PokerStars Hand #254494580239:  Hold'em No Limit ($0.50/$1.00 USD) - 2025/01/21 3:15:10 WET [2025/01/21 22:15:10 ET]
Table 'Neshmet III' 6-max Seat #3 is the button
Seat 1: iTrustU21 ($99.50 in chips) 
Seat 2: vezis3 ($100 in chips) 
Seat 3: 50CandyJoe ($201.20 in chips) 
Seat 4: joaquin612 ($100 in chips) 
Seat 5: mearly3 ($52.02 in chips) 
Seat 6: GuigaMan ($425.95 in chips) 
joaquin612: posts small blind $0.50
mearly3: posts big blind $1
*** HOLE CARDS ***
GuigaMan: folds 
iTrustU21: folds 
vezis3: folds 
50CandyJoe: folds 
joaquin612: folds 
Uncalled bet ($0.50) returned to mearly3
mearly3 collected $1 from pot
*** SUMMARY ***
Total pot $1 | Rake $0 
Seat 1: iTrustU21 folded before Flop (didn't bet)
Seat 2: vezis3 folded before Flop (didn't bet)
Seat 3: 50CandyJoe (button) folded before Flop (didn't bet)
Seat 4: joaquin612 (small blind) folded before Flop
Seat 5: mearly3 (big blind) collected ($1)
Seat 6: GuigaMan folded before Flop (didn't bet)



PokerStars Hand #254494581858:  Hold'em No Limit ($0.50/$1.00 USD) - 2025/01/21 3:15:22 WET [2025/01/21 22:15:22 ET]
Table 'Neshmet III' 6-max Seat #4 is the button
Seat 1: iTrustU21 ($99.50 in chips) 
Seat 2: vezis3 ($100 in chips) 
Seat 3: 50CandyJoe ($201.20 in chips) 
Seat 4: joaquin612 ($100 in chips) 
Seat 5: mearly3 ($52.52 in chips) 
Seat 6: GuigaMan ($425.95 in chips) 
mearly3: posts small blind $0.50
GuigaMan: posts big blind $1
*** HOLE CARDS ***
iTrustU21: folds 
vezis3: folds 
50CandyJoe: folds 
joaquin612: folds 
mearly3: folds 
Uncalled bet ($0.50) returned to GuigaMan
GuigaMan collected $1 from pot
*** SUMMARY ***
Total pot $1 | Rake $0 
Seat 1: iTrustU21 folded before Flop (didn't bet)
Seat 2: vezis3 folded before Flop (didn't bet)
Seat 3: 50CandyJoe folded before Flop (didn't bet)
Seat 4: joaquin612 (button) folded before Flop (didn't bet)
Seat 5: mearly3 (small blind) folded before Flop
Seat 6: GuigaMan (big blind) collected ($1)



PokerStars Hand #254494584000:  Hold'em No Limit ($0.50/$1.00 USD) - 2025/01/21 3:15:38 WET [2025/01/21 22:15:38 ET]
Table 'Neshmet III' 6-max Seat #5 is the button
Seat 1: iTrustU21 ($99.50 in chips) 
Seat 2: vezis3 ($100 in chips) 
Seat 3: 50CandyJoe ($201.20 in chips) 
Seat 4: joaquin612 ($100 in chips) 
Seat 5: mearly3 ($52.02 in chips) 
Seat 6: GuigaMan ($426.45 in chips) 
GuigaMan: posts small blind $0.50
iTrustU21: posts big blind $1
*** HOLE CARDS ***
vezis3: folds 
50CandyJoe: folds 
joaquin612: folds 
mearly3: folds 
GuigaMan: raises $2 to $3
iTrustU21: folds 
Uncalled bet ($2) returned to GuigaMan
GuigaMan collected $2 from pot
*** SUMMARY ***
Total pot $2 | Rake $0 
Seat 1: iTrustU21 (big blind) folded before Flop
Seat 2: vezis3 folded before Flop (didn't bet)
Seat 3: 50CandyJoe folded before Flop (didn't bet)
Seat 4: joaquin612 folded before Flop (didn't bet)
Seat 5: mearly3 (button) folded before Flop (didn't bet)
Seat 6: GuigaMan (small blind) collected ($2)



PokerStars Hand #254494586811:  Hold'em No Limit ($0.50/$1.00 USD) - 2025/01/21 3:15:59 WET [2025/01/21 22:15:59 ET]
Table 'Neshmet III' 6-max Seat #6 is the button
Seat 1: iTrustU21 ($98.50 in chips) 
Seat 2: vezis3 ($100 in chips) 
Seat 3: 50CandyJoe ($201.20 in chips) 
Seat 4: joaquin612 ($100 in chips) 
Seat 5: mearly3 ($52.02 in chips) 
Seat 6: GuigaMan ($427.45 in chips) 
iTrustU21: posts small blind $0.50
vezis3: posts big blind $1
*** HOLE CARDS ***
50CandyJoe: raises $1.20 to $2.20
joaquin612: folds 
mearly3: calls $2.20
GuigaMan: folds 
iTrustU21: folds 
vezis3: calls $1.20
*** FLOP *** [Qh Kh Qd]
vezis3: checks 
50CandyJoe: bets $2.22
mearly3: folds 
vezis3: calls $2.22
*** TURN *** [Qh Kh Qd] [8h]
vezis3: checks 
50CandyJoe: checks 
*** RIVER *** [Qh Kh Qd 8h] [Js]
vezis3: bets $12.06
50CandyJoe: folds 
Uncalled bet ($12.06) returned to vezis3
vezis3 collected $10.96 from pot
vezis3: doesn't show hand 
*** SUMMARY ***
Total pot $11.54 | Rake $0.58 
Board [Qh Kh Qd 8h Js]
Seat 1: iTrustU21 (small blind) folded before Flop
Seat 2: vezis3 (big blind) collected ($10.96)
Seat 3: 50CandyJoe folded on the River
Seat 4: joaquin612 folded before Flop (didn't bet)
Seat 5: mearly3 folded on the Flop
Seat 6: GuigaMan (button) folded before Flop (didn't bet)



PokerStars Hand #254494594357:  Hold'em No Limit ($0.50/$1.00 USD) - 2025/01/21 3:16:57 WET [2025/01/21 22:16:57 ET]
Table 'Neshmet III' 6-max Seat #1 is the button
Seat 1: iTrustU21 ($98 in chips) 
Seat 2: vezis3 ($106.54 in chips) 
Seat 3: 50CandyJoe ($196.78 in chips) 
Seat 4: joaquin612 ($100 in chips) 
Seat 5: mearly3 ($49.82 in chips) 
Seat 6: GuigaMan ($427.45 in chips) 
vezis3: posts small blind $0.50
50CandyJoe: posts big blind $1
*** HOLE CARDS ***
joaquin612: folds 
mearly3: raises $1 to $2
GuigaMan: folds 
iTrustU21: folds 
vezis3: folds 
50CandyJoe: folds 
Uncalled bet ($1) returned to mearly3
mearly3 collected $2.50 from pot
*** SUMMARY ***
Total pot $2.50 | Rake $0 
Seat 1: iTrustU21 (button) folded before Flop (didn't bet)
Seat 2: vezis3 (small blind) folded before Flop
Seat 3: 50CandyJoe (big blind) folded before Flop
Seat 4: joaquin612 folded before Flop (didn't bet)
Seat 5: mearly3 collected ($2.50)
Seat 6: GuigaMan folded before Flop (didn't bet)



PokerStars Hand #254494595722:  Hold'em No Limit ($0.50/$1.00 USD) - 2025/01/21 3:17:08 WET [2025/01/21 22:17:08 ET]
Table 'Neshmet III' 6-max Seat #2 is the button
Seat 1: iTrustU21 ($98 in chips) 
Seat 2: vezis3 ($106.04 in chips) 
Seat 3: 50CandyJoe ($195.78 in chips) 
Seat 4: joaquin612 ($100 in chips) 
Seat 5: mearly3 ($51.32 in chips) 
Seat 6: GuigaMan ($427.45 in chips) 
50CandyJoe: posts small blind $0.50
joaquin612: posts big blind $1
*** HOLE CARDS ***
mearly3: folds 
GuigaMan: folds 
iTrustU21: folds 
vezis3: raises $1.40 to $2.40
50CandyJoe: folds 
joaquin612: folds 
Uncalled bet ($1.40) returned to vezis3
vezis3 collected $2.50 from pot
vezis3: doesn't show hand 
*** SUMMARY ***
Total pot $2.50 | Rake $0 
Seat 1: iTrustU21 folded before Flop (didn't bet)
Seat 2: vezis3 (button) collected ($2.50)
Seat 3: 50CandyJoe (small blind) folded before Flop
Seat 4: joaquin612 (big blind) folded before Flop
Seat 5: mearly3 folded before Flop (didn't bet)
Seat 6: GuigaMan folded before Flop (didn't bet)



PokerStars Hand #254494599463:  Hold'em No Limit ($0.50/$1.00 USD) - 2025/01/21 3:17:37 WET [2025/01/21 22:17:37 ET]
Table 'Neshmet III' 6-max Seat #3 is the button
Seat 1: iTrustU21 ($98 in chips) 
Seat 2: vezis3 ($107.54 in chips) 
Seat 3: 50CandyJoe ($195.28 in chips) 
Seat 4: joaquin612 ($100 in chips) 
Seat 5: mearly3 ($51.32 in chips) 
Seat 6: GuigaMan ($427.45 in chips) 
joaquin612: posts small blind $0.50
mearly3: posts big blind $1
*** HOLE CARDS ***
GuigaMan: folds 
iTrustU21: folds 
vezis3: raises $1.40 to $2.40
50CandyJoe: raises $5.10 to $7.50
joaquin612: folds 
mearly3: folds 
vezis3: folds 
Uncalled bet ($5.10) returned to 50CandyJoe
50CandyJoe collected $6.30 from pot
50CandyJoe: doesn't show hand 
*** SUMMARY ***
Total pot $6.30 | Rake $0 
Seat 1: iTrustU21 folded before Flop (didn't bet)
Seat 2: vezis3 folded before Flop
Seat 3: 50CandyJoe (button) collected ($6.30)
Seat 4: joaquin612 (small blind) folded before Flop
Seat 5: mearly3 (big blind) folded before Flop
Seat 6: GuigaMan folded before Flop (didn't bet)



PokerStars Hand #254494602747:  Hold'em No Limit ($0.50/$1.00 USD) - 2025/01/21 3:18:02 WET [2025/01/21 22:18:02 ET]
Table 'Neshmet III' 6-max Seat #4 is the button
Seat 1: iTrustU21 ($98 in chips) 
Seat 2: vezis3 ($105.14 in chips) 
Seat 3: 50CandyJoe ($199.18 in chips) 
Seat 4: joaquin612 ($100 in chips) 
Seat 5: mearly3 ($50.32 in chips) 
Seat 6: GuigaMan ($427.45 in chips) 
mearly3: posts small blind $0.50
GuigaMan: posts big blind $1
*** HOLE CARDS ***
iTrustU21: folds 
vezis3: folds 
50CandyJoe: folds 
joaquin612: raises $1.50 to $2.50
mearly3: folds 
GuigaMan: folds 
Uncalled bet ($1.50) returned to joaquin612
joaquin612 collected $2.50 from pot
joaquin612: doesn't show hand 
*** SUMMARY ***
Total pot $2.50 | Rake $0 
Seat 1: iTrustU21 folded before Flop (didn't bet)
Seat 2: vezis3 folded before Flop (didn't bet)
Seat 3: 50CandyJoe folded before Flop (didn't bet)
Seat 4: joaquin612 (button) collected ($2.50)
Seat 5: mearly3 (small blind) folded before Flop
Seat 6: GuigaMan (big blind) folded before Flop



PokerStars Hand #254494605449:  Hold'em No Limit ($0.50/$1.00 USD) - 2025/01/21 3:18:23 WET [2025/01/21 22:18:23 ET]
Table 'Neshmet III' 6-max Seat #5 is the button
Seat 1: iTrustU21 ($98 in chips) is sitting out
Seat 2: vezis3 ($105.14 in chips) 
Seat 3: 50CandyJoe ($199.18 in chips) 
Seat 4: joaquin612 ($101.50 in chips) 
Seat 5: mearly3 ($49.82 in chips) 
Seat 6: GuigaMan ($426.45 in chips) 
GuigaMan: posts small blind $0.50
iTrustU21: is sitting out 
vezis3: posts big blind $1
*** HOLE CARDS ***
50CandyJoe: folds 
joaquin612: raises $1.50 to $2.50
mearly3: raises $6.50 to $9
GuigaMan: folds 
vezis3: folds 
joaquin612: folds 
Uncalled bet ($6.50) returned to mearly3
mearly3 collected $6.50 from pot
*** SUMMARY ***
Total pot $6.50 | Rake $0 
Seat 1: iTrustU21
Seat 2: vezis3 (big blind) folded before Flop
Seat 3: 50CandyJoe folded before Flop (didn't bet)
Seat 4: joaquin612 folded before Flop
Seat 5: mearly3 (button) collected ($6.50)
Seat 6: GuigaMan (small blind) folded before Flop



PokerStars Hand #254494607805:  Hold'em No Limit ($0.50/$1.00 USD) - 2025/01/21 3:18:42 WET [2025/01/21 22:18:42 ET]
Table 'Neshmet III' 6-max Seat #6 is the button
Seat 1: iTrustU21 ($98 in chips) is sitting out
Seat 2: vezis3 ($104.14 in chips) 
Seat 3: 50CandyJoe ($199.18 in chips) 
Seat 4: joaquin612 ($100 in chips) 
Seat 5: mearly3 ($53.82 in chips) 
Seat 6: GuigaMan ($425.95 in chips) 
vezis3: posts small blind $0.50
50CandyJoe: posts big blind $1
*** HOLE CARDS ***
iTrustU21 leaves the table
joaquin612: folds 
mearly3: raises $1 to $2
GuigaMan: folds 
vezis3: raises $10 to $12
50CandyJoe: folds 
mearly3: folds 
Uncalled bet ($10) returned to vezis3
vezis3 collected $5 from pot
vezis3: doesn't show hand 
*** SUMMARY ***
Total pot $5 | Rake $0 
Seat 1: iTrustU21
Seat 2: vezis3 (small blind) collected ($5)
Seat 3: 50CandyJoe (big blind) folded before Flop
Seat 4: joaquin612 folded before Flop (didn't bet)
Seat 5: mearly3 folded before Flop
Seat 6: GuigaMan (button) folded before Flop (didn't bet)



PokerStars Hand #254494609834:  Hold'em No Limit ($0.50/$1.00 USD) - 2025/01/21 3:18:57 WET [2025/01/21 22:18:57 ET]
Table 'Neshmet III' 6-max Seat #2 is the button
Seat 2: vezis3 ($107.14 in chips) 
Seat 3: 50CandyJoe ($198.18 in chips) 
Seat 4: joaquin612 ($100 in chips) 
Seat 5: mearly3 ($51.82 in chips) 
Seat 6: GuigaMan ($425.95 in chips) 
50CandyJoe: posts small blind $0.50
joaquin612: posts big blind $1
*** HOLE CARDS ***
mearly3: folds 
GuigaMan: folds 
vezis3: folds 
50CandyJoe: folds 
Uncalled bet ($0.50) returned to joaquin612
joaquin612 collected $1 from pot
joaquin612: doesn't show hand 
*** SUMMARY ***
Total pot $1 | Rake $0 
Seat 2: vezis3 (button) folded before Flop (didn't bet)
Seat 3: 50CandyJoe (small blind) folded before Flop
Seat 4: joaquin612 (big blind) collected ($1)
Seat 5: mearly3 folded before Flop (didn't bet)
Seat 6: GuigaMan folded before Flop (didn't bet)



PokerStars Hand #254494612435:  Hold'em No Limit ($0.50/$1.00 USD) - 2025/01/21 3:19:17 WET [2025/01/21 22:19:17 ET]
Table 'Neshmet III' 6-max Seat #3 is the button
Seat 2: vezis3 ($107.14 in chips) 
Seat 3: 50CandyJoe ($197.68 in chips) 
Seat 4: joaquin612 ($100.50 in chips) 
Seat 5: mearly3 ($51.82 in chips) 
Seat 6: GuigaMan ($425.95 in chips) 
joaquin612: posts small blind $0.50
mearly3: posts big blind $1
*** HOLE CARDS ***
GuigaMan: folds 
vezis3: folds 
50CandyJoe: raises $1.50 to $2.50
joaquin612: folds 
mearly3: calls $1.50
*** FLOP *** [3s As 2c]
mearly3: checks 
50CandyJoe: checks 
*** TURN *** [3s As 2c] [8s]
mearly3: bets $4
MaRKiToScoK joins the table at seat #1 
50CandyJoe: folds 
Uncalled bet ($4) returned to mearly3
mearly3 collected $5.22 from pot
*** SUMMARY ***
Total pot $5.50 | Rake $0.28 
Board [3s As 2c 8s]
Seat 2: vezis3 folded before Flop (didn't bet)
Seat 3: 50CandyJoe (button) folded on the Turn
Seat 4: joaquin612 (small blind) folded before Flop
Seat 5: mearly3 (big blind) collected ($5.22)
Seat 6: GuigaMan folded before Flop (didn't bet)



PokerStars Hand #254494616766:  Hold'em No Limit ($0.50/$1.00 USD) - 2025/01/21 3:19:51 WET [2025/01/21 22:19:51 ET]
Table 'Neshmet III' 6-max Seat #4 is the button
Seat 1: MaRKiToScoK ($100 in chips) is sitting out
Seat 2: vezis3 ($107.14 in chips) 
Seat 3: 50CandyJoe ($195.18 in chips) 
Seat 4: joaquin612 ($100 in chips) 
Seat 5: mearly3 ($54.54 in chips) 
Seat 6: GuigaMan ($425.95 in chips) 
mearly3: posts small blind $0.50
GuigaMan: posts big blind $1
MaRKiToScoK: sits out 
*** HOLE CARDS ***
vezis3: folds 
50CandyJoe: folds 
joaquin612: folds 
mearly3: folds 
Uncalled bet ($0.50) returned to GuigaMan
GuigaMan collected $1 from pot
*** SUMMARY ***
Total pot $1 | Rake $0 
Seat 1: MaRKiToScoK
Seat 2: vezis3 folded before Flop (didn't bet)
Seat 3: 50CandyJoe folded before Flop (didn't bet)
Seat 4: joaquin612 (button) folded before Flop (didn't bet)
Seat 5: mearly3 (small blind) folded before Flop
Seat 6: GuigaMan (big blind) collected ($1)



PokerStars Hand #254494617980:  Hold'em No Limit ($0.50/$1.00 USD) - 2025/01/21 3:20:01 WET [2025/01/21 22:20:01 ET]
Table 'Neshmet III' 6-max Seat #5 is the button
Seat 1: MaRKiToScoK ($100 in chips) 
Seat 2: vezis3 ($107.14 in chips) 
Seat 3: 50CandyJoe ($195.18 in chips) 
Seat 4: joaquin612 ($100 in chips) 
Seat 5: mearly3 ($54.04 in chips) 
Seat 6: GuigaMan ($426.45 in chips) 
GuigaMan: posts small blind $0.50
MaRKiToScoK: posts big blind $1
*** HOLE CARDS ***
vezis3: raises $1 to $2
50CandyJoe: folds 
joaquin612: folds 
mearly3: calls $2
GuigaMan: folds 
MaRKiToScoK: raises $10.50 to $12.50
vezis3: folds 
mearly3: folds 
Uncalled bet ($10.50) returned to MaRKiToScoK
MaRKiToScoK collected $6.50 from pot
*** SUMMARY ***
Total pot $6.50 | Rake $0 
Seat 1: MaRKiToScoK (big blind) collected ($6.50)
Seat 2: vezis3 folded before Flop
Seat 3: 50CandyJoe folded before Flop (didn't bet)
Seat 4: joaquin612 folded before Flop (didn't bet)
Seat 5: mearly3 (button) folded before Flop
Seat 6: GuigaMan (small blind) folded before Flop



PokerStars Hand #254494620691:  Hold'em No Limit ($0.50/$1.00 USD) - 2025/01/21 3:20:22 WET [2025/01/21 22:20:22 ET]
Table 'Neshmet III' 6-max Seat #6 is the button
Seat 1: MaRKiToScoK ($104.50 in chips) 
Seat 2: vezis3 ($105.14 in chips) 
Seat 3: 50CandyJoe ($195.18 in chips) 
Seat 4: joaquin612 ($100 in chips) 
Seat 5: mearly3 ($52.04 in chips) 
Seat 6: GuigaMan ($425.95 in chips) 
MaRKiToScoK: posts small blind $0.50
vezis3: posts big blind $1
*** HOLE CARDS ***
50CandyJoe: folds 
joaquin612: raises $1.50 to $2.50
mearly3: folds 
GuigaMan: folds 
MaRKiToScoK: folds 
vezis3: folds 
Uncalled bet ($1.50) returned to joaquin612
joaquin612 collected $2.50 from pot
joaquin612: doesn't show hand 
*** SUMMARY ***
Total pot $2.50 | Rake $0 
Seat 1: MaRKiToScoK (small blind) folded before Flop
Seat 2: vezis3 (big blind) folded before Flop
Seat 3: 50CandyJoe folded before Flop (didn't bet)
Seat 4: joaquin612 collected ($2.50)
Seat 5: mearly3 folded before Flop (didn't bet)
Seat 6: GuigaMan (button) folded before Flop (didn't bet)



PokerStars Hand #254494623709:  Hold'em No Limit ($0.50/$1.00 USD) - 2025/01/21 3:20:45 WET [2025/01/21 22:20:45 ET]
Table 'Neshmet III' 6-max Seat #1 is the button
Seat 1: MaRKiToScoK ($104 in chips) 
Seat 2: vezis3 ($104.14 in chips) 
Seat 3: 50CandyJoe ($195.18 in chips) 
Seat 4: joaquin612 ($101.50 in chips) 
Seat 5: mearly3 ($52.04 in chips) 
Seat 6: GuigaMan ($425.95 in chips) 
vezis3: posts small blind $0.50
50CandyJoe: posts big blind $1
*** HOLE CARDS ***
joaquin612: folds 
mearly3: raises $1 to $2
GuigaMan: folds 
MaRKiToScoK: raises $4 to $6
vezis3: folds 
50CandyJoe: folds 
mearly3: calls $4
*** FLOP *** [6s 9d 8c]
mearly3: checks 
MaRKiToScoK: checks 
*** TURN *** [6s 9d 8c] [2c]
mearly3: bets $12.82
MaRKiToScoK: folds 
Uncalled bet ($12.82) returned to mearly3
mearly3 collected $12.82 from pot
*** SUMMARY ***
Total pot $13.50 | Rake $0.68 
Board [6s 9d 8c 2c]
Seat 1: MaRKiToScoK (button) folded on the Turn
Seat 2: vezis3 (small blind) folded before Flop
Seat 3: 50CandyJoe (big blind) folded before Flop
Seat 4: joaquin612 folded before Flop (didn't bet)
Seat 5: mearly3 collected ($12.82)
Seat 6: GuigaMan folded before Flop (didn't bet)



PokerStars Hand #254494630323:  Hold'em No Limit ($0.50/$1.00 USD) - 2025/01/21 3:21:36 WET [2025/01/21 22:21:36 ET]
Table 'Neshmet III' 6-max Seat #2 is the button
Seat 1: MaRKiToScoK ($100 in chips) 
Seat 2: vezis3 ($103.64 in chips) 
Seat 3: 50CandyJoe ($194.18 in chips) 
Seat 4: joaquin612 ($101.50 in chips) 
Seat 5: mearly3 ($58.86 in chips) 
Seat 6: GuigaMan ($425.95 in chips) 
50CandyJoe: posts small blind $0.50
joaquin612: posts big blind $1
*** HOLE CARDS ***
mearly3: raises $1 to $2
GuigaMan: folds 
MaRKiToScoK: raises $4 to $6
vezis3: folds 
50CandyJoe: folds 
joaquin612: folds 
mearly3: calls $4
*** FLOP *** [3s 4c 6s]
mearly3: checks 
MaRKiToScoK: bets $6.41
mearly3: calls $6.41
*** TURN *** [3s 4c 6s] [9s]
mearly3: checks 
MaRKiToScoK: checks 
*** RIVER *** [3s 4c 6s 9s] [6c]
mearly3: bets $8
MaRKiToScoK: folds 
Uncalled bet ($8) returned to mearly3
mearly3 collected $25 from pot
*** SUMMARY ***
Total pot $26.32 | Rake $1.32 
Board [3s 4c 6s 9s 6c]
Seat 1: MaRKiToScoK folded on the River
Seat 2: vezis3 (button) folded before Flop (didn't bet)
Seat 3: 50CandyJoe (small blind) folded before Flop
Seat 4: joaquin612 (big blind) folded before Flop
Seat 5: mearly3 collected ($25)
Seat 6: GuigaMan folded before Flop (didn't bet)



PokerStars Hand #254494638301:  Hold'em No Limit ($0.50/$1.00 USD) - 2025/01/21 3:22:39 WET [2025/01/21 22:22:39 ET]
Table 'Neshmet III' 6-max Seat #3 is the button
Seat 1: MaRKiToScoK ($100 in chips) 
Seat 2: vezis3 ($103.64 in chips) 
Seat 3: 50CandyJoe ($193.68 in chips) 
Seat 4: joaquin612 ($100.50 in chips) 
Seat 5: mearly3 ($71.45 in chips) 
Seat 6: GuigaMan ($425.95 in chips) 
joaquin612: posts small blind $0.50
mearly3: posts big blind $1
*** HOLE CARDS ***
GuigaMan: folds 
MaRKiToScoK: folds 
vezis3: raises $3 to $4
50CandyJoe: folds 
joaquin612: folds 
mearly3: folds 
Uncalled bet ($3) returned to vezis3
vezis3 collected $2.50 from pot
vezis3: doesn't show hand 
*** SUMMARY ***
Total pot $2.50 | Rake $0 
Seat 1: MaRKiToScoK folded before Flop (didn't bet)
Seat 2: vezis3 collected ($2.50)
Seat 3: 50CandyJoe (button) folded before Flop (didn't bet)
Seat 4: joaquin612 (small blind) folded before Flop
Seat 5: mearly3 (big blind) folded before Flop
Seat 6: GuigaMan folded before Flop (didn't bet)



PokerStars Hand #254494640209:  Hold'em No Limit ($0.50/$1.00 USD) - 2025/01/21 3:22:53 WET [2025/01/21 22:22:53 ET]
Table 'Neshmet III' 6-max Seat #4 is the button
Seat 1: MaRKiToScoK ($100 in chips) 
Seat 2: vezis3 ($105.14 in chips) 
Seat 3: 50CandyJoe ($193.68 in chips) 
Seat 4: joaquin612 ($100 in chips) 
Seat 5: mearly3 ($70.45 in chips) 
Seat 6: GuigaMan ($425.95 in chips) 
mearly3: posts small blind $0.50
GuigaMan: posts big blind $1
*** HOLE CARDS ***
MaRKiToScoK: folds 
vezis3: folds 
50CandyJoe: folds 
joaquin612: folds 
mearly3: folds 
Uncalled bet ($0.50) returned to GuigaMan
GuigaMan collected $1 from pot
*** SUMMARY ***
Total pot $1 | Rake $0 
Seat 1: MaRKiToScoK folded before Flop (didn't bet)
Seat 2: vezis3 folded before Flop (didn't bet)
Seat 3: 50CandyJoe folded before Flop (didn't bet)
Seat 4: joaquin612 (button) folded before Flop (didn't bet)
Seat 5: mearly3 (small blind) folded before Flop
Seat 6: GuigaMan (big blind) collected ($1)



PokerStars Hand #254494641718:  Hold'em No Limit ($0.50/$1.00 USD) - 2025/01/21 3:23:06 WET [2025/01/21 22:23:06 ET]
Table 'Neshmet III' 6-max Seat #5 is the button
Seat 1: MaRKiToScoK ($100 in chips) 
Seat 2: vezis3 ($105.14 in chips) 
Seat 3: 50CandyJoe ($193.68 in chips) 
Seat 4: joaquin612 ($100 in chips) 
Seat 5: mearly3 ($69.95 in chips) 
Seat 6: GuigaMan ($426.45 in chips) 
GuigaMan: posts small blind $0.50
MaRKiToScoK: posts big blind $1
*** HOLE CARDS ***
vezis3: folds 
50CandyJoe: folds 
joaquin612: folds 
mearly3: folds 
GuigaMan: folds 
Uncalled bet ($0.50) returned to MaRKiToScoK
MaRKiToScoK collected $1 from pot
*** SUMMARY ***
Total pot $1 | Rake $0 
Seat 1: MaRKiToScoK (big blind) collected ($1)
Seat 2: vezis3 folded before Flop (didn't bet)
Seat 3: 50CandyJoe folded before Flop (didn't bet)
Seat 4: joaquin612 folded before Flop (didn't bet)
Seat 5: mearly3 (button) folded before Flop (didn't bet)
Seat 6: GuigaMan (small blind) folded before Flop



PokerStars Hand #254494645286:  Hold'em No Limit ($0.50/$1.00 USD) - 2025/01/21 3:23:33 WET [2025/01/21 22:23:33 ET]
Table 'Neshmet III' 6-max Seat #6 is the button
Seat 1: MaRKiToScoK ($100.50 in chips) 
Seat 2: vezis3 ($105.14 in chips) 
Seat 3: 50CandyJoe ($193.68 in chips) 
Seat 4: joaquin612 ($100 in chips) 
Seat 5: mearly3 ($69.95 in chips) 
Seat 6: GuigaMan ($425.95 in chips) 
MaRKiToScoK: posts small blind $0.50
vezis3: posts big blind $1
*** HOLE CARDS ***
50CandyJoe: raises $1.20 to $2.20
joaquin612: folds 
mearly3: calls $2.20
GuigaMan: folds 
MaRKiToScoK: raises $11.30 to $13.50
vezis3: folds 
50CandyJoe: calls $11.30
mearly3: folds 
*** FLOP *** [Ks 4d Jd]
MaRKiToScoK: bets $9.47
50CandyJoe: folds 
Uncalled bet ($9.47) returned to MaRKiToScoK
MaRKiToScoK collected $28.69 from pot
*** SUMMARY ***
Total pot $30.20 | Rake $1.51 
Board [Ks 4d Jd]
Seat 1: MaRKiToScoK (small blind) collected ($28.69)
Seat 2: vezis3 (big blind) folded before Flop
Seat 3: 50CandyJoe folded on the Flop
Seat 4: joaquin612 folded before Flop (didn't bet)
Seat 5: mearly3 folded before Flop
Seat 6: GuigaMan (button) folded before Flop (didn't bet)



PokerStars Hand #254494651945:  Hold'em No Limit ($0.50/$1.00 USD) - 2025/01/21 3:24:27 WET [2025/01/21 22:24:27 ET]
Table 'Neshmet III' 6-max Seat #1 is the button
Seat 1: MaRKiToScoK ($115.69 in chips) 
Seat 2: vezis3 ($104.14 in chips) 
Seat 3: 50CandyJoe ($180.18 in chips) 
Seat 4: joaquin612 ($100 in chips) 
Seat 5: mearly3 ($67.75 in chips) 
Seat 6: GuigaMan ($425.95 in chips) 
vezis3: posts small blind $0.50
50CandyJoe: posts big blind $1
*** HOLE CARDS ***
joaquin612: folds 
mearly3: folds 
GuigaMan: folds 
MaRKiToScoK: folds 
vezis3: folds 
Uncalled bet ($0.50) returned to 50CandyJoe
50CandyJoe collected $1 from pot
50CandyJoe: doesn't show hand 
*** SUMMARY ***
Total pot $1 | Rake $0 
Seat 1: MaRKiToScoK (button) folded before Flop (didn't bet)
Seat 2: vezis3 (small blind) folded before Flop
Seat 3: 50CandyJoe (big blind) collected ($1)
Seat 4: joaquin612 folded before Flop (didn't bet)
Seat 5: mearly3 folded before Flop (didn't bet)
Seat 6: GuigaMan folded before Flop (didn't bet)



PokerStars Hand #254494654158:  Hold'em No Limit ($0.50/$1.00 USD) - 2025/01/21 3:24:45 WET [2025/01/21 22:24:45 ET]
Table 'Neshmet III' 6-max Seat #2 is the button
Seat 1: MaRKiToScoK ($115.69 in chips) 
Seat 2: vezis3 ($103.64 in chips) 
Seat 3: 50CandyJoe ($180.68 in chips) 
Seat 4: joaquin612 ($100 in chips) 
Seat 5: mearly3 ($67.75 in chips) 
Seat 6: GuigaMan ($425.95 in chips) 
50CandyJoe: posts small blind $0.50
joaquin612: posts big blind $1
*** HOLE CARDS ***
mearly3: folds 
GuigaMan: folds 
MaRKiToScoK: raises $1.25 to $2.25
vezis3: folds 
50CandyJoe: folds 
joaquin612: folds 
Uncalled bet ($1.25) returned to MaRKiToScoK
MaRKiToScoK collected $2.50 from pot
*** SUMMARY ***
Total pot $2.50 | Rake $0 
Seat 1: MaRKiToScoK collected ($2.50)
Seat 2: vezis3 (button) folded before Flop (didn't bet)
Seat 3: 50CandyJoe (small blind) folded before Flop
Seat 4: joaquin612 (big blind) folded before Flop
Seat 5: mearly3 folded before Flop (didn't bet)
Seat 6: GuigaMan folded before Flop (didn't bet)



PokerStars Hand #254494656103:  Hold'em No Limit ($0.50/$1.00 USD) - 2025/01/21 3:25:01 WET [2025/01/21 22:25:01 ET]
Table 'Neshmet III' 6-max Seat #3 is the button
Seat 1: MaRKiToScoK ($117.19 in chips) 
Seat 2: vezis3 ($103.64 in chips) 
Seat 3: 50CandyJoe ($180.18 in chips) 
Seat 4: joaquin612 ($100 in chips) 
Seat 5: mearly3 ($67.75 in chips) 
Seat 6: GuigaMan ($425.95 in chips) 
joaquin612: posts small blind $0.50
mearly3: posts big blind $1
*** HOLE CARDS ***
GuigaMan: raises $1.20 to $2.20
MaRKiToScoK: folds 
vezis3: folds 
50CandyJoe: folds 
joaquin612: folds 
mearly3: calls $1.20
*** FLOP *** [2s 7d 6d]
mearly3: bets $2.33
GuigaMan: raises $10.67 to $13
mearly3: folds 
Uncalled bet ($10.67) returned to GuigaMan
GuigaMan collected $9.08 from pot
*** SUMMARY ***
Total pot $9.56 | Rake $0.48 
Board [2s 7d 6d]
Seat 1: MaRKiToScoK folded before Flop (didn't bet)
Seat 2: vezis3 folded before Flop (didn't bet)
Seat 3: 50CandyJoe (button) folded before Flop (didn't bet)
Seat 4: joaquin612 (small blind) folded before Flop
Seat 5: mearly3 (big blind) folded on the Flop
Seat 6: GuigaMan collected ($9.08)



PokerStars Hand #254494660093:  Hold'em No Limit ($0.50/$1.00 USD) - 2025/01/21 3:25:33 WET [2025/01/21 22:25:33 ET]
Table 'Neshmet III' 6-max Seat #4 is the button
Seat 1: MaRKiToScoK ($117.19 in chips) 
Seat 2: vezis3 ($103.64 in chips) 
Seat 3: 50CandyJoe ($180.18 in chips) 
Seat 4: joaquin612 ($100 in chips) 
Seat 5: mearly3 ($63.22 in chips) 
Seat 6: GuigaMan ($430.50 in chips) 
mearly3: posts small blind $0.50
GuigaMan: posts big blind $1
*** HOLE CARDS ***
MaRKiToScoK: folds 
vezis3: folds 
50CandyJoe: folds 
joaquin612: folds 
mearly3: folds 
Uncalled bet ($0.50) returned to GuigaMan
GuigaMan collected $1 from pot
*** SUMMARY ***
Total pot $1 | Rake $0 
Seat 1: MaRKiToScoK folded before Flop (didn't bet)
Seat 2: vezis3 folded before Flop (didn't bet)
Seat 3: 50CandyJoe folded before Flop (didn't bet)
Seat 4: joaquin612 (button) folded before Flop (didn't bet)
Seat 5: mearly3 (small blind) folded before Flop
Seat 6: GuigaMan (big blind) collected ($1)



PokerStars Hand #254494661550:  Hold'em No Limit ($0.50/$1.00 USD) - 2025/01/21 3:25:45 WET [2025/01/21 22:25:45 ET]
Table 'Neshmet III' 6-max Seat #5 is the button
Seat 1: MaRKiToScoK ($117.19 in chips) 
Seat 2: vezis3 ($103.64 in chips) 
Seat 3: 50CandyJoe ($180.18 in chips) 
Seat 4: joaquin612 ($100 in chips) 
Seat 5: mearly3 ($62.72 in chips) 
Seat 6: GuigaMan ($431 in chips) 
GuigaMan: posts small blind $0.50
MaRKiToScoK: posts big blind $1
*** HOLE CARDS ***
vezis3: folds 
50CandyJoe: folds 
joaquin612: folds 
mearly3: folds 
GuigaMan: raises $430 to $431 and is all-in
MaRKiToScoK: folds 
Uncalled bet ($430) returned to GuigaMan
GuigaMan collected $2 from pot
*** SUMMARY ***
Total pot $2 | Rake $0 
Seat 1: MaRKiToScoK (big blind) folded before Flop
Seat 2: vezis3 folded before Flop (didn't bet)
Seat 3: 50CandyJoe folded before Flop (didn't bet)
Seat 4: joaquin612 folded before Flop (didn't bet)
Seat 5: mearly3 (button) folded before Flop (didn't bet)
Seat 6: GuigaMan (small blind) collected ($2)



PokerStars Hand #254494664846:  Hold'em No Limit ($0.50/$1.00 USD) - 2025/01/21 3:26:11 WET [2025/01/21 22:26:11 ET]
Table 'Neshmet III' 6-max Seat #6 is the button
Seat 1: MaRKiToScoK ($116.19 in chips) 
Seat 2: vezis3 ($103.64 in chips) 
Seat 3: 50CandyJoe ($180.18 in chips) 
Seat 4: joaquin612 ($100 in chips) 
Seat 5: mearly3 ($62.72 in chips) 
Seat 6: GuigaMan ($432 in chips) 
MaRKiToScoK: posts small blind $0.50
vezis3: posts big blind $1
*** HOLE CARDS ***
50CandyJoe: folds 
joaquin612: folds 
mearly3: folds 
GuigaMan: folds 
MaRKiToScoK: raises $2 to $3
vezis3: calls $2
*** FLOP *** [Qs 9d 3h]
MaRKiToScoK: checks 
vezis3: checks 
*** TURN *** [Qs 9d 3h] [2c]
MaRKiToScoK: bets $4.28
vezis3: calls $4.28
*** RIVER *** [Qs 9d 3h 2c] [7d]
MaRKiToScoK: bets $3.50
vezis3: calls $3.50
*** SHOW DOWN ***
MaRKiToScoK: shows [9c Jh] (a pair of Nines)
vezis3: shows [9s Ks] (a pair of Nines - King kicker)
vezis3 collected $20.48 from pot
*** SUMMARY ***
Total pot $21.56 | Rake $1.08 
Board [Qs 9d 3h 2c 7d]
Seat 1: MaRKiToScoK (small blind) showed [9c Jh] and lost with a pair of Nines
Seat 2: vezis3 (big blind) showed [9s Ks] and won ($20.48) with a pair of Nines
Seat 3: 50CandyJoe folded before Flop (didn't bet)
Seat 4: joaquin612 folded before Flop (didn't bet)
Seat 5: mearly3 folded before Flop (didn't bet)
Seat 6: GuigaMan (button) folded before Flop (didn't bet)



PokerStars Hand #254494672372:  Hold'em No Limit ($0.50/$1.00 USD) - 2025/01/21 3:27:13 WET [2025/01/21 22:27:13 ET]
Table 'Neshmet III' 6-max Seat #1 is the button
Seat 1: MaRKiToScoK ($105.41 in chips) 
Seat 2: vezis3 ($113.34 in chips) 
Seat 3: 50CandyJoe ($180.18 in chips) 
Seat 4: joaquin612 ($100 in chips) 
Seat 5: mearly3 ($62.72 in chips) 
Seat 6: GuigaMan ($432 in chips) 
vezis3: posts small blind $0.50
50CandyJoe: posts big blind $1
*** HOLE CARDS ***
joaquin612: folds 
mearly3: raises $1 to $2
GuigaMan: folds 
MaRKiToScoK: folds 
vezis3: folds 
50CandyJoe: calls $1
*** FLOP *** [Jh Jd 4h]
50CandyJoe: checks 
mearly3: checks 
*** TURN *** [Jh Jd 4h] [Kh]
50CandyJoe: checks 
mearly3: checks 
*** RIVER *** [Jh Jd 4h Kh] [3h]
50CandyJoe: bets $4.28
mearly3: folds 
Uncalled bet ($4.28) returned to 50CandyJoe
50CandyJoe collected $4.28 from pot
50CandyJoe: doesn't show hand 
*** SUMMARY ***
Total pot $4.50 | Rake $0.22 
Board [Jh Jd 4h Kh 3h]
Seat 1: MaRKiToScoK (button) folded before Flop (didn't bet)
Seat 2: vezis3 (small blind) folded before Flop
Seat 3: 50CandyJoe (big blind) collected ($4.28)
Seat 4: joaquin612 folded before Flop (didn't bet)
Seat 5: mearly3 folded on the River
Seat 6: GuigaMan folded before Flop (didn't bet)



PokerStars Hand #254494676211:  Hold'em No Limit ($0.50/$1.00 USD) - 2025/01/21 3:27:44 WET [2025/01/21 22:27:44 ET]
Table 'Neshmet III' 6-max Seat #2 is the button
Seat 1: MaRKiToScoK ($105.41 in chips) 
Seat 2: vezis3 ($112.84 in chips) 
Seat 3: 50CandyJoe ($182.46 in chips) 
Seat 4: joaquin612 ($100 in chips) 
Seat 5: mearly3 ($60.72 in chips) 
Seat 6: GuigaMan ($432 in chips) 
50CandyJoe: posts small blind $0.50
joaquin612: posts big blind $1
*** HOLE CARDS ***
mearly3: folds 
GuigaMan: folds 
MaRKiToScoK: folds 
vezis3: folds 
50CandyJoe: raises $2 to $3
joaquin612: calls $2
*** FLOP *** [8s 3s Qd]
50CandyJoe: checks 
joaquin612: checks 
*** TURN *** [8s 3s Qd] [8h]
50CandyJoe: checks 
joaquin612: bets $1.88
50CandyJoe: calls $1.88
*** RIVER *** [8s 3s Qd 8h] [3c]
50CandyJoe: checks 
joaquin612: bets $6.95
50CandyJoe: folds 
Uncalled bet ($6.95) returned to joaquin612
joaquin612 collected $9.27 from pot
joaquin612: doesn't show hand 
*** SUMMARY ***
Total pot $9.76 | Rake $0.49 
Board [8s 3s Qd 8h 3c]
Seat 1: MaRKiToScoK folded before Flop (didn't bet)
Seat 2: vezis3 (button) folded before Flop (didn't bet)
Seat 3: 50CandyJoe (small blind) folded on the River
Seat 4: joaquin612 (big blind) collected ($9.27)
Seat 5: mearly3 folded before Flop (didn't bet)
Seat 6: GuigaMan folded before Flop (didn't bet)



PokerStars Hand #254494686137:  Hold'em No Limit ($0.50/$1.00 USD) - 2025/01/21 3:29:05 WET [2025/01/21 22:29:05 ET]
Table 'Neshmet III' 6-max Seat #3 is the button
Seat 1: MaRKiToScoK ($105.41 in chips) 
Seat 2: vezis3 ($112.84 in chips) 
Seat 3: 50CandyJoe ($177.58 in chips) 
Seat 4: joaquin612 ($104.39 in chips) 
Seat 5: mearly3 ($60.72 in chips) 
Seat 6: GuigaMan ($432 in chips) 
joaquin612: posts small blind $0.50
mearly3: posts big blind $1
*** HOLE CARDS ***
GuigaMan: folds 
MaRKiToScoK: folds 
vezis3: folds 
50CandyJoe: raises $1.50 to $2.50
joaquin612: folds 
mearly3: folds 
Uncalled bet ($1.50) returned to 50CandyJoe
50CandyJoe collected $2.50 from pot
50CandyJoe: doesn't show hand 
*** SUMMARY ***
Total pot $2.50 | Rake $0 
Seat 1: MaRKiToScoK folded before Flop (didn't bet)
Seat 2: vezis3 folded before Flop (didn't bet)
Seat 3: 50CandyJoe (button) collected ($2.50)
Seat 4: joaquin612 (small blind) folded before Flop
Seat 5: mearly3 (big blind) folded before Flop
Seat 6: GuigaMan folded before Flop (didn't bet)



PokerStars Hand #254494687810:  Hold'em No Limit ($0.50/$1.00 USD) - 2025/01/21 3:29:19 WET [2025/01/21 22:29:19 ET]
Table 'Neshmet III' 6-max Seat #4 is the button
Seat 1: MaRKiToScoK ($105.41 in chips) 
Seat 2: vezis3 ($112.84 in chips) 
Seat 3: 50CandyJoe ($179.08 in chips) 
Seat 4: joaquin612 ($103.89 in chips) 
Seat 5: mearly3 ($59.72 in chips) 
Seat 6: GuigaMan ($432 in chips) 
mearly3: posts small blind $0.50
GuigaMan: posts big blind $1
*** HOLE CARDS ***
MaRKiToScoK: folds 
vezis3: folds 
50CandyJoe: folds 
joaquin612: raises $1.50 to $2.50
mearly3: folds 
GuigaMan: calls $1.50
*** FLOP *** [Kh 4h Td]
GuigaMan: checks 
joaquin612: bets $3.92
GuigaMan: calls $3.92
*** TURN *** [Kh 4h Td] [8h]
GuigaMan: checks 
joaquin612: bets $5.50
GuigaMan: calls $5.50
*** RIVER *** [Kh 4h Td 8h] [Ks]
GuigaMan: checks 
joaquin612: bets $18.50
GuigaMan: folds 
Uncalled bet ($18.50) returned to joaquin612
joaquin612 collected $23.12 from pot
joaquin612: doesn't show hand 
*** SUMMARY ***
Total pot $24.34 | Rake $1.22 
Board [Kh 4h Td 8h Ks]
Seat 1: MaRKiToScoK folded before Flop (didn't bet)
Seat 2: vezis3 folded before Flop (didn't bet)
Seat 3: 50CandyJoe folded before Flop (didn't bet)
Seat 4: joaquin612 (button) collected ($23.12)
Seat 5: mearly3 (small blind) folded before Flop
Seat 6: GuigaMan (big blind) folded on the River



PokerStars Hand #254494694860:  Hold'em No Limit ($0.50/$1.00 USD) - 2025/01/21 3:30:17 WET [2025/01/21 22:30:17 ET]
Table 'Neshmet III' 6-max Seat #5 is the button
Seat 1: MaRKiToScoK ($105.41 in chips) 
Seat 2: vezis3 ($112.84 in chips) 
Seat 3: 50CandyJoe ($179.08 in chips) 
Seat 4: joaquin612 ($115.09 in chips) 
Seat 5: mearly3 ($59.22 in chips) 
Seat 6: GuigaMan ($420.08 in chips) 
GuigaMan: posts small blind $0.50
MaRKiToScoK: posts big blind $1
*** HOLE CARDS ***
vezis3: folds 
50CandyJoe: raises $1.20 to $2.20
joaquin612: folds 
mearly3: folds 
GuigaMan: folds 
MaRKiToScoK: calls $1.20
*** FLOP *** [9c Kh 9h]
MaRKiToScoK: checks 
50CandyJoe: bets $1.17
MaRKiToScoK: folds 
Uncalled bet ($1.17) returned to 50CandyJoe
50CandyJoe collected $4.66 from pot
50CandyJoe: doesn't show hand 
*** SUMMARY ***
Total pot $4.90 | Rake $0.24 
Board [9c Kh 9h]
Seat 1: MaRKiToScoK (big blind) folded on the Flop
Seat 2: vezis3 folded before Flop (didn't bet)
Seat 3: 50CandyJoe collected ($4.66)
Seat 4: joaquin612 folded before Flop (didn't bet)
Seat 5: mearly3 (button) folded before Flop (didn't bet)
Seat 6: GuigaMan (small blind) folded before Flop



PokerStars Hand #254494697368:  Hold'em No Limit ($0.50/$1.00 USD) - 2025/01/21 3:30:37 WET [2025/01/21 22:30:37 ET]
Table 'Neshmet III' 6-max Seat #6 is the button
Seat 1: MaRKiToScoK ($103.21 in chips) 
Seat 2: vezis3 ($112.84 in chips) 
Seat 3: 50CandyJoe ($181.54 in chips) 
Seat 4: joaquin612 ($115.09 in chips) 
Seat 5: mearly3 ($59.22 in chips) 
Seat 6: GuigaMan ($419.58 in chips) 
MaRKiToScoK: posts small blind $0.50
vezis3: posts big blind $1
*** HOLE CARDS ***
50CandyJoe: folds 
joaquin612: folds 
mearly3: folds 
GuigaMan: folds 
MaRKiToScoK: folds 
Uncalled bet ($0.50) returned to vezis3
vezis3 collected $1 from pot
vezis3: doesn't show hand 
*** SUMMARY ***
Total pot $1 | Rake $0 
Seat 1: MaRKiToScoK (small blind) folded before Flop
Seat 2: vezis3 (big blind) collected ($1)
Seat 3: 50CandyJoe folded before Flop (didn't bet)
Seat 4: joaquin612 folded before Flop (didn't bet)
Seat 5: mearly3 folded before Flop (didn't bet)
Seat 6: GuigaMan (button) folded before Flop (didn't bet)



PokerStars Hand #254494698611:  Hold'em No Limit ($0.50/$1.00 USD) - 2025/01/21 3:30:48 WET [2025/01/21 22:30:48 ET]
Table 'Neshmet III' 6-max Seat #1 is the button
Seat 1: MaRKiToScoK ($102.71 in chips) 
Seat 2: vezis3 ($113.34 in chips) 
Seat 3: 50CandyJoe ($181.54 in chips) 
Seat 4: joaquin612 ($115.09 in chips) 
Seat 5: mearly3 ($59.22 in chips) 
Seat 6: GuigaMan ($419.58 in chips) 
vezis3: posts small blind $0.50
50CandyJoe: posts big blind $1
*** HOLE CARDS ***
joaquin612: folds 
mearly3: folds 
GuigaMan: folds 
MaRKiToScoK: raises $1.50 to $2.50
vezis3: folds 
50CandyJoe: calls $1.50
*** FLOP *** [3c 2c 4c]
50CandyJoe: checks 
MaRKiToScoK: bets $1.72
50CandyJoe: raises $5.72 to $7.44
MaRKiToScoK: folds 
Uncalled bet ($5.72) returned to 50CandyJoe
50CandyJoe collected $8.49 from pot
50CandyJoe: doesn't show hand 
*** SUMMARY ***
Total pot $8.94 | Rake $0.45 
Board [3c 2c 4c]
Seat 1: MaRKiToScoK (button) folded on the Flop
Seat 2: vezis3 (small blind) folded before Flop
Seat 3: 50CandyJoe (big blind) collected ($8.49)
Seat 4: joaquin612 folded before Flop (didn't bet)
Seat 5: mearly3 folded before Flop (didn't bet)
Seat 6: GuigaMan folded before Flop (didn't bet)



PokerStars Hand #254494703782:  Hold'em No Limit ($0.50/$1.00 USD) - 2025/01/21 3:31:30 WET [2025/01/21 22:31:30 ET]
Table 'Neshmet III' 6-max Seat #2 is the button
Seat 1: MaRKiToScoK ($100 in chips) 
Seat 2: vezis3 ($112.84 in chips) 
Seat 3: 50CandyJoe ($185.81 in chips) 
Seat 4: joaquin612 ($115.09 in chips) 
Seat 5: mearly3 ($59.22 in chips) 
Seat 6: GuigaMan ($419.58 in chips) 
50CandyJoe: posts small blind $0.50
joaquin612: posts big blind $1
*** HOLE CARDS ***
mearly3: folds 
GuigaMan: folds 
MaRKiToScoK: folds 
vezis3: folds 
50CandyJoe: folds 
Uncalled bet ($0.50) returned to joaquin612
joaquin612 collected $1 from pot
joaquin612: doesn't show hand 
*** SUMMARY ***
Total pot $1 | Rake $0 
Seat 1: MaRKiToScoK folded before Flop (didn't bet)
Seat 2: vezis3 (button) folded before Flop (didn't bet)
Seat 3: 50CandyJoe (small blind) folded before Flop
Seat 4: joaquin612 (big blind) collected ($1)
Seat 5: mearly3 folded before Flop (didn't bet)
Seat 6: GuigaMan folded before Flop (didn't bet)



PokerStars Hand #254494706389:  Hold'em No Limit ($0.50/$1.00 USD) - 2025/01/21 3:31:52 WET [2025/01/21 22:31:52 ET]
Table 'Neshmet III' 6-max Seat #3 is the button
Seat 1: MaRKiToScoK ($100 in chips) 
Seat 2: vezis3 ($112.84 in chips) 
Seat 3: 50CandyJoe ($185.31 in chips) 
Seat 4: joaquin612 ($115.59 in chips) 
Seat 5: mearly3 ($59.22 in chips) 
Seat 6: GuigaMan ($419.58 in chips) 
joaquin612: posts small blind $0.50
mearly3: posts big blind $1
*** HOLE CARDS ***
GuigaMan: folds 
MaRKiToScoK: folds 
vezis3: raises $1.40 to $2.40
50CandyJoe: folds 
joaquin612: folds 
mearly3: raises $4.60 to $7
vezis3: calls $4.60
*** FLOP *** [Td 6s As]
mearly3: checks 
vezis3: bets $5.79
mearly3: raises $8.21 to $14
vezis3: raises $45.96 to $59.96
mearly3: calls $38.22 and is all-in
Uncalled bet ($7.74) returned to vezis3
*** TURN *** [Td 6s As] [9h]
*** RIVER *** [Td 6s As 9h] [8d]
*** SHOW DOWN ***
mearly3: shows [Ad Ks] (a pair of Aces)
vezis3: shows [6h Ah] (two pair, Aces and Sixes)
vezis3 collected $116.44 from pot
*** SUMMARY ***
Total pot $118.94 | Rake $2.50 
Board [Td 6s As 9h 8d]
Seat 1: MaRKiToScoK folded before Flop (didn't bet)
Seat 2: vezis3 showed [6h Ah] and won ($116.44) with two pair, Aces and Sixes
Seat 3: 50CandyJoe (button) folded before Flop (didn't bet)
Seat 4: joaquin612 (small blind) folded before Flop
Seat 5: mearly3 (big blind) showed [Ad Ks] and lost with a pair of Aces
Seat 6: GuigaMan folded before Flop (didn't bet)



PokerStars Hand #254494715902:  Hold'em No Limit ($0.50/$1.00 USD) - 2025/01/21 3:33:11 WET [2025/01/21 22:33:11 ET]
Table 'Neshmet III' 6-max Seat #4 is the button
Seat 5: mearly3 ($0 in chips) is sitting out
Seat 1: MaRKiToScoK ($100 in chips) 
Seat 2: vezis3 ($170.06 in chips) 
Seat 3: 50CandyJoe ($185.31 in chips) 
Seat 4: joaquin612 ($115.09 in chips) 
Seat 6: GuigaMan ($419.58 in chips) 
GuigaMan: posts small blind $0.50
MaRKiToScoK: posts big blind $1
*** HOLE CARDS ***
vezis3: folds 
50CandyJoe: folds 
joaquin612: folds 
GuigaMan: folds 
Uncalled bet ($0.50) returned to MaRKiToScoK
MaRKiToScoK collected $1 from pot
*** SUMMARY ***
Total pot $1 | Rake $0 
Seat 5: mearly3
Seat 1: MaRKiToScoK (big blind) collected ($1)
Seat 2: vezis3 folded before Flop (didn't bet)
Seat 3: 50CandyJoe folded before Flop (didn't bet)
Seat 4: joaquin612 (button) folded before Flop (didn't bet)
Seat 6: GuigaMan (small blind) folded before Flop



PokerStars Hand #254494717358:  Hold'em No Limit ($0.50/$1.00 USD) - 2025/01/21 3:33:24 WET [2025/01/21 22:33:24 ET]
Table 'Neshmet III' 6-max Seat #6 is the button
Seat 2: vezis3 ($170.06 in chips) is sitting out
Seat 5: mearly3 ($0 in chips) is sitting out
Seat 1: MaRKiToScoK ($100.50 in chips) 
Seat 3: 50CandyJoe ($185.31 in chips) 
Seat 4: joaquin612 ($115.09 in chips) 
Seat 6: GuigaMan ($419.08 in chips) 
MaRKiToScoK: posts small blind $0.50
vezis3: is sitting out 
50CandyJoe: posts big blind $1
*** HOLE CARDS ***
joaquin612: folds 
GuigaMan: folds 
vezis3 leaves the table
MaRKiToScoK: raises $2 to $3
50CandyJoe: folds 
Uncalled bet ($2) returned to MaRKiToScoK
MaRKiToScoK collected $2 from pot
*** SUMMARY ***
Total pot $2 | Rake $0 
Seat 2: vezis3
Seat 5: mearly3
Seat 1: MaRKiToScoK (small blind) collected ($2)
Seat 3: 50CandyJoe (big blind) folded before Flop
Seat 4: joaquin612 folded before Flop (didn't bet)
Seat 6: GuigaMan (button) folded before Flop (didn't bet)



PokerStars Hand #254494719869:  Hold'em No Limit ($0.50/$1.00 USD) - 2025/01/21 3:33:45 WET [2025/01/21 22:33:45 ET]
Table 'Neshmet III' 6-max Seat #1 is the button
Seat 5: mearly3 ($0 in chips) is sitting out
Seat 1: MaRKiToScoK ($101.50 in chips) 
Seat 3: 50CandyJoe ($184.31 in chips) 
Seat 4: joaquin612 ($115.09 in chips) 
Seat 6: GuigaMan ($419.08 in chips) 
50CandyJoe: posts small blind $0.50
joaquin612: posts big blind $1
*** HOLE CARDS ***
GuigaMan: folds 
MaRKiToScoK: folds 
50CandyJoe: folds 
Uncalled bet ($0.50) returned to joaquin612
joaquin612 collected $1 from pot
joaquin612: doesn't show hand 
mearly3 is disconnected 
*** SUMMARY ***
Total pot $1 | Rake $0 
Seat 5: mearly3
Seat 1: MaRKiToScoK (button) folded before Flop (didn't bet)
Seat 3: 50CandyJoe (small blind) folded before Flop
Seat 4: joaquin612 (big blind) collected ($1)
Seat 6: GuigaMan folded before Flop (didn't bet)



PokerStars Hand #254494721114:  Hold'em No Limit ($0.50/$1.00 USD) - 2025/01/21 3:33:55 WET [2025/01/21 22:33:55 ET]
Table 'Neshmet III' 6-max Seat #3 is the button
Seat 5: mearly3 ($0 in chips) is sitting out
Seat 1: MaRKiToScoK ($101.50 in chips) 
Seat 3: 50CandyJoe ($183.81 in chips) 
Seat 4: joaquin612 ($115.59 in chips) 
Seat 6: GuigaMan ($419.08 in chips) 
joaquin612: posts small blind $0.50
GuigaMan: posts big blind $1
*** HOLE CARDS ***
MaRKiToScoK: folds 
50CandyJoe: folds 
joaquin612: raises $2 to $3
GuigaMan: calls $2
*** FLOP *** [Kh 7h Kd]
joaquin612: bets $1.88
GuigaMan: calls $1.88
*** TURN *** [Kh 7h Kd] [5c]
joaquin612: bets $6.50
GuigaMan: calls $6.50
*** RIVER *** [Kh 7h Kd 5c] [4c]
joaquin612: checks 
GuigaMan: checks 
*** SHOW DOWN ***
joaquin612: shows [9h Ah] (a pair of Kings)
GuigaMan: shows [As 7d] (two pair, Kings and Sevens)
GuigaMan collected $21.76 from pot
*** SUMMARY ***
Total pot $22.76 | Rake $1 
Board [Kh 7h Kd 5c 4c]
Seat 5: mearly3
Seat 1: MaRKiToScoK folded before Flop (didn't bet)
Seat 3: 50CandyJoe (button) folded before Flop (didn't bet)
Seat 4: joaquin612 (small blind) showed [9h Ah] and lost with a pair of Kings
Seat 6: GuigaMan (big blind) showed [As 7d] and won ($21.76) with two pair, Kings and Sevens



PokerStars Hand #254494726768:  Hold'em No Limit ($0.50/$1.00 USD) - 2025/01/21 3:34:42 WET [2025/01/21 22:34:42 ET]
Table 'Neshmet III' 6-max Seat #4 is the button
Seat 5: mearly3 ($0 in chips) is sitting out
Seat 1: MaRKiToScoK ($101.50 in chips) 
Seat 3: 50CandyJoe ($183.81 in chips) 
Seat 4: joaquin612 ($104.21 in chips) 
Seat 6: GuigaMan ($429.46 in chips) 
GuigaMan: posts small blind $0.50
MaRKiToScoK: posts big blind $1
*** HOLE CARDS ***
50CandyJoe: folds 
joaquin612: folds 
GuigaMan: folds 
Uncalled bet ($0.50) returned to MaRKiToScoK
MaRKiToScoK collected $1 from pot
*** SUMMARY ***
Total pot $1 | Rake $0 
Seat 5: mearly3
Seat 1: MaRKiToScoK (big blind) collected ($1)
Seat 3: 50CandyJoe folded before Flop (didn't bet)
Seat 4: joaquin612 (button) folded before Flop (didn't bet)
Seat 6: GuigaMan (small blind) folded before Flop



