PokerStars Hand #254483450704:  Hold'em No Limit ($0.50/$1.00 USD) - 2025/01/21 13:42:57 WET [2025/01/21 8:42:57 ET]
Table 'Heidelberga IV' 6-max Seat #4 is the button
Seat 1: v.sting ($101.50 in chips) 
Seat 2: Melenya ($100 in chips) 
Seat 3: AlexEliseev7 ($100 in chips) 
Seat 4: Evelexy1 ($103.79 in chips) 
Seat 5: KarP93 ($100 in chips) 
Seat 6: Nappyrash88 ($100 in chips) 
KarP93: posts small blind $0.50
Nappyrash88: posts big blind $1
*** HOLE CARDS ***
v.sting: folds 
Melenya: folds 
AlexEliseev7: folds 
Evelexy1: folds 
KarP93: raises $2 to $3
Nappyrash88: calls $2
*** FLOP *** [6d Js Kh]
KarP93: bets $1.88
Nappyrash88: calls $1.88
*** TURN *** [6d Js Kh] [5s]
KarP93: bets $6.95
Nappyrash88: folds 
Uncalled bet ($6.95) returned to KarP93
KarP93 collected $9.27 from pot
KarP93: doesn't show hand 
*** SUMMARY ***
Total pot $9.76 | Rake $0.49 
Board [6d Js Kh 5s]
Seat 1: v.sting folded before Flop (didn't bet)
Seat 2: Melenya folded before Flop (didn't bet)
Seat 3: AlexEliseev7 folded before Flop (didn't bet)
Seat 4: Evelexy1 (button) folded before Flop (didn't bet)
Seat 5: KarP93 (small blind) collected ($9.27)
Seat 6: Nappyrash88 (big blind) folded on the Turn



PokerStars Hand #254483458497:  Hold'em No Limit ($0.50/$1.00 USD) - 2025/01/21 13:43:44 WET [2025/01/21 8:43:44 ET]
Table 'Heidelberga IV' 6-max Seat #5 is the button
Seat 1: v.sting ($101.50 in chips) 
Seat 2: Melenya ($100 in chips) 
Seat 3: AlexEliseev7 ($100 in chips) 
Seat 4: Evelexy1 ($103.79 in chips) 
Seat 5: KarP93 ($104.39 in chips) 
Seat 6: Nappyrash88 ($95.12 in chips) 
Nappyrash88: posts small blind $0.50
v.sting: posts big blind $1
*** HOLE CARDS ***
Melenya: folds 
AlexEliseev7: folds 
Evelexy1: raises $2 to $3
KarP93: folds 
Nappyrash88: folds 
v.sting: folds 
Uncalled bet ($2) returned to Evelexy1
Evelexy1 collected $2.50 from pot
Evelexy1: doesn't show hand 
*** SUMMARY ***
Total pot $2.50 | Rake $0 
Seat 1: v.sting (big blind) folded before Flop
Seat 2: Melenya folded before Flop (didn't bet)
Seat 3: AlexEliseev7 folded before Flop (didn't bet)
Seat 4: Evelexy1 collected ($2.50)
Seat 5: KarP93 (button) folded before Flop (didn't bet)
Seat 6: Nappyrash88 (small blind) folded before Flop



PokerStars Hand #254483460772:  Hold'em No Limit ($0.50/$1.00 USD) - 2025/01/21 13:43:58 WET [2025/01/21 8:43:58 ET]
Table 'Heidelberga IV' 6-max Seat #6 is the button
Seat 1: v.sting ($100.50 in chips) 
Seat 2: Melenya ($100 in chips) 
Seat 3: AlexEliseev7 ($100 in chips) 
Seat 4: Evelexy1 ($105.29 in chips) 
Seat 5: KarP93 ($104.39 in chips) 
Seat 6: Nappyrash88 ($94.62 in chips) 
v.sting: posts small blind $0.50
Melenya: posts big blind $1
*** HOLE CARDS ***
AlexEliseev7: folds 
Evelexy1: folds 
KarP93: folds 
Nappyrash88: folds 
v.sting: raises $2 to $3
Melenya: calls $2
*** FLOP *** [Ks 7c 3h]
v.sting: checks 
Melenya: bets $4.28
v.sting: folds 
Uncalled bet ($4.28) returned to Melenya
Melenya collected $5.70 from pot
Melenya: doesn't show hand 
*** SUMMARY ***
Total pot $6 | Rake $0.30 
Board [Ks 7c 3h]
Seat 1: v.sting (small blind) folded on the Flop
Seat 2: Melenya (big blind) collected ($5.70)
Seat 3: AlexEliseev7 folded before Flop (didn't bet)
Seat 4: Evelexy1 folded before Flop (didn't bet)
Seat 5: KarP93 folded before Flop (didn't bet)
Seat 6: Nappyrash88 (button) folded before Flop (didn't bet)



PokerStars Hand #254483465233:  Hold'em No Limit ($0.50/$1.00 USD) - 2025/01/21 13:44:25 WET [2025/01/21 8:44:25 ET]
Table 'Heidelberga IV' 6-max Seat #1 is the button
Seat 1: v.sting ($100 in chips) 
Seat 2: Melenya ($102.70 in chips) 
Seat 3: AlexEliseev7 ($100 in chips) 
Seat 4: Evelexy1 ($105.29 in chips) 
Seat 5: KarP93 ($104.39 in chips) 
Seat 6: Nappyrash88 ($94.62 in chips) 
Melenya: posts small blind $0.50
AlexEliseev7: posts big blind $1
*** HOLE CARDS ***
Evelexy1: folds 
KarP93: folds 
Nappyrash88: folds 
v.sting: folds 
Melenya: raises $2 to $3
AlexEliseev7: raises $7 to $10
Melenya: folds 
Uncalled bet ($7) returned to AlexEliseev7
AlexEliseev7 collected $6 from pot
AlexEliseev7: doesn't show hand 
*** SUMMARY ***
Total pot $6 | Rake $0 
Seat 1: v.sting (button) folded before Flop (didn't bet)
Seat 2: Melenya (small blind) folded before Flop
Seat 3: AlexEliseev7 (big blind) collected ($6)
Seat 4: Evelexy1 folded before Flop (didn't bet)
Seat 5: KarP93 folded before Flop (didn't bet)
Seat 6: Nappyrash88 folded before Flop (didn't bet)



PokerStars Hand #254483468672:  Hold'em No Limit ($0.50/$1.00 USD) - 2025/01/21 13:44:46 WET [2025/01/21 8:44:46 ET]
Table 'Heidelberga IV' 6-max Seat #2 is the button
Seat 1: v.sting ($100 in chips) 
Seat 2: Melenya ($100 in chips) 
Seat 3: AlexEliseev7 ($103 in chips) 
Seat 4: Evelexy1 ($105.29 in chips) 
Seat 5: KarP93 ($104.39 in chips) 
Seat 6: Nappyrash88 ($94.62 in chips) 
AlexEliseev7: posts small blind $0.50
Evelexy1: posts big blind $1
*** HOLE CARDS ***
KarP93: folds 
Nappyrash88: calls $1
v.sting: raises $3.25 to $4.25
Melenya: folds 
AlexEliseev7: folds 
Evelexy1: folds 
Nappyrash88: calls $3.25
*** FLOP *** [Td Kc 8c]
Nappyrash88: checks 
v.sting: bets $2.38
Nappyrash88: calls $2.38
*** TURN *** [Td Kc 8c] [3s]
Nappyrash88: checks 
v.sting: bets $7.71
Nappyrash88: calls $7.71
*** RIVER *** [Td Kc 8c 3s] [Qd]
Nappyrash88: bets $14.34
v.sting: raises $71.32 to $85.66 and is all-in
Nappyrash88: folds 
Uncalled bet ($71.32) returned to v.sting
v.sting collected $56.36 from pot
v.sting: doesn't show hand 
*** SUMMARY ***
Total pot $58.86 | Rake $2.50 
Board [Td Kc 8c 3s Qd]
Seat 1: v.sting collected ($56.36)
Seat 2: Melenya (button) folded before Flop (didn't bet)
Seat 3: AlexEliseev7 (small blind) folded before Flop
Seat 4: Evelexy1 (big blind) folded before Flop
Seat 5: KarP93 folded before Flop (didn't bet)
Seat 6: Nappyrash88 folded on the River



PokerStars Hand #254483477503:  Hold'em No Limit ($0.50/$1.00 USD) - 2025/01/21 13:45:39 WET [2025/01/21 8:45:39 ET]
Table 'Heidelberga IV' 6-max Seat #3 is the button
Seat 1: v.sting ($127.68 in chips) 
Seat 2: Melenya ($100 in chips) 
Seat 3: AlexEliseev7 ($102.50 in chips) 
Seat 4: Evelexy1 ($104.29 in chips) 
Seat 5: KarP93 ($104.39 in chips) 
Seat 6: Nappyrash88 ($65.94 in chips) 
Evelexy1: posts small blind $0.50
KarP93: posts big blind $1
*** HOLE CARDS ***
Nappyrash88: folds 
v.sting: folds 
Melenya: folds 
AlexEliseev7: raises $1.50 to $2.50
Evelexy1: folds 
KarP93: folds 
Uncalled bet ($1.50) returned to AlexEliseev7
AlexEliseev7 collected $2.50 from pot
AlexEliseev7: doesn't show hand 
*** SUMMARY ***
Total pot $2.50 | Rake $0 
Seat 1: v.sting folded before Flop (didn't bet)
Seat 2: Melenya folded before Flop (didn't bet)
Seat 3: AlexEliseev7 (button) collected ($2.50)
Seat 4: Evelexy1 (small blind) folded before Flop
Seat 5: KarP93 (big blind) folded before Flop
Seat 6: Nappyrash88 folded before Flop (didn't bet)



PokerStars Hand #254483479698:  Hold'em No Limit ($0.50/$1.00 USD) - 2025/01/21 13:45:52 WET [2025/01/21 8:45:52 ET]
Table 'Heidelberga IV' 6-max Seat #4 is the button
Seat 1: v.sting ($127.68 in chips) 
Seat 2: Melenya ($100 in chips) 
Seat 3: AlexEliseev7 ($104 in chips) 
Seat 4: Evelexy1 ($103.79 in chips) 
Seat 5: KarP93 ($103.39 in chips) 
Seat 6: Nappyrash88 ($84.75 in chips) 
KarP93: posts small blind $0.50
Nappyrash88: posts big blind $1
*** HOLE CARDS ***
v.sting: folds 
Melenya: raises $1 to $2
AlexEliseev7: folds 
Evelexy1: calls $2
KarP93: folds 
Nappyrash88: calls $1
*** FLOP *** [2c 3d Ac]
Nappyrash88: checks 
Melenya: checks 
Evelexy1: bets $3.09
Nappyrash88: calls $3.09
Melenya: calls $3.09
*** TURN *** [2c 3d Ac] [8s]
Nappyrash88: bets $14.98
Melenya: folds 
Evelexy1: calls $14.98
*** RIVER *** [2c 3d Ac 8s] [2h]
Nappyrash88: bets $64.68 and is all-in
Evelexy1: folds 
Uncalled bet ($64.68) returned to Nappyrash88
Nappyrash88 collected $43.44 from pot
*** SUMMARY ***
Total pot $45.73 | Rake $2.29 
Board [2c 3d Ac 8s 2h]
Seat 1: v.sting folded before Flop (didn't bet)
Seat 2: Melenya folded on the Turn
Seat 3: AlexEliseev7 folded before Flop (didn't bet)
Seat 4: Evelexy1 (button) folded on the River
Seat 5: KarP93 (small blind) folded before Flop
Seat 6: Nappyrash88 (big blind) collected ($43.44)



PokerStars Hand #254483491503:  Hold'em No Limit ($0.50/$1.00 USD) - 2025/01/21 13:47:03 WET [2025/01/21 8:47:03 ET]
Table 'Heidelberga IV' 6-max Seat #5 is the button
Seat 1: v.sting ($127.68 in chips) 
Seat 2: Melenya ($100 in chips) 
Seat 3: AlexEliseev7 ($104 in chips) 
Seat 4: Evelexy1 ($100 in chips) 
Seat 5: KarP93 ($102.89 in chips) 
Seat 6: Nappyrash88 ($108.12 in chips) 
Nappyrash88: posts small blind $0.50
v.sting: posts big blind $1
*** HOLE CARDS ***
Melenya: folds 
AlexEliseev7: raises $1.50 to $2.50
Evelexy1: folds 
KarP93: folds 
Nappyrash88: folds 
v.sting: folds 
Uncalled bet ($1.50) returned to AlexEliseev7
AlexEliseev7 collected $2.50 from pot
AlexEliseev7: doesn't show hand 
*** SUMMARY ***
Total pot $2.50 | Rake $0 
Seat 1: v.sting (big blind) folded before Flop
Seat 2: Melenya folded before Flop (didn't bet)
Seat 3: AlexEliseev7 collected ($2.50)
Seat 4: Evelexy1 folded before Flop (didn't bet)
Seat 5: KarP93 (button) folded before Flop (didn't bet)
Seat 6: Nappyrash88 (small blind) folded before Flop



PokerStars Hand #254483495148:  Hold'em No Limit ($0.50/$1.00 USD) - 2025/01/21 13:47:25 WET [2025/01/21 8:47:25 ET]
Table 'Heidelberga IV' 6-max Seat #6 is the button
Seat 1: v.sting ($126.68 in chips) 
Seat 2: Melenya ($100 in chips) 
Seat 3: AlexEliseev7 ($105.50 in chips) 
Seat 4: Evelexy1 ($100 in chips) 
Seat 5: KarP93 ($102.89 in chips) 
Seat 6: Nappyrash88 ($107.62 in chips) 
v.sting: posts small blind $0.50
Melenya: posts big blind $1
*** HOLE CARDS ***
AlexEliseev7: folds 
Evelexy1: folds 
KarP93: folds 
Nappyrash88: folds 
v.sting: raises $2 to $3
Melenya: folds 
Uncalled bet ($2) returned to v.sting
v.sting collected $2 from pot
v.sting: doesn't show hand 
*** SUMMARY ***
Total pot $2 | Rake $0 
Seat 1: v.sting (small blind) collected ($2)
Seat 2: Melenya (big blind) folded before Flop
Seat 3: AlexEliseev7 folded before Flop (didn't bet)
Seat 4: Evelexy1 folded before Flop (didn't bet)
Seat 5: KarP93 folded before Flop (didn't bet)
Seat 6: Nappyrash88 (button) folded before Flop (didn't bet)



PokerStars Hand #254483497207:  Hold'em No Limit ($0.50/$1.00 USD) - 2025/01/21 13:47:38 WET [2025/01/21 8:47:38 ET]
Table 'Heidelberga IV' 6-max Seat #1 is the button
Seat 1: v.sting ($127.68 in chips) 
Seat 2: Melenya ($100 in chips) 
Seat 3: AlexEliseev7 ($105.50 in chips) 
Seat 4: Evelexy1 ($100 in chips) 
Seat 5: KarP93 ($102.89 in chips) 
Seat 6: Nappyrash88 ($107.62 in chips) 
Melenya: posts small blind $0.50
AlexEliseev7: posts big blind $1
*** HOLE CARDS ***
Evelexy1: folds 
KarP93: folds 
Nappyrash88: folds 
v.sting: raises $1.10 to $2.10
Melenya: folds 
AlexEliseev7: calls $1.10
*** FLOP *** [8h Kd 3c]
AlexEliseev7: checks 
v.sting: bets $1.47
AlexEliseev7: calls $1.47
*** TURN *** [8h Kd 3c] [Qc]
AlexEliseev7: checks 
v.sting: bets $5.45
AlexEliseev7: calls $5.45
*** RIVER *** [8h Kd 3c Qc] [9d]
AlexEliseev7: checks 
v.sting: checks 
*** SHOW DOWN ***
AlexEliseev7: shows [Ks Jh] (a pair of Kings)
v.sting: mucks hand 
AlexEliseev7 collected $17.61 from pot
*** SUMMARY ***
Total pot $18.54 | Rake $0.93 
Board [8h Kd 3c Qc 9d]
Seat 1: v.sting (button) mucked
Seat 2: Melenya (small blind) folded before Flop
Seat 3: AlexEliseev7 (big blind) showed [Ks Jh] and won ($17.61) with a pair of Kings
Seat 4: Evelexy1 folded before Flop (didn't bet)
Seat 5: KarP93 folded before Flop (didn't bet)
Seat 6: Nappyrash88 folded before Flop (didn't bet)



PokerStars Hand #254483509856:  Hold'em No Limit ($0.50/$1.00 USD) - 2025/01/21 13:48:56 WET [2025/01/21 8:48:56 ET]
Table 'Heidelberga IV' 6-max Seat #2 is the button
Seat 1: v.sting ($118.66 in chips) 
Seat 2: Melenya ($100 in chips) 
Seat 3: AlexEliseev7 ($114.09 in chips) 
Seat 4: Evelexy1 ($100 in chips) 
Seat 5: KarP93 ($102.89 in chips) 
Seat 6: Nappyrash88 ($107.62 in chips) 
AlexEliseev7: posts small blind $0.50
Evelexy1: posts big blind $1
*** HOLE CARDS ***
KarP93: folds 
Nappyrash88: folds 
v.sting: folds 
Melenya: raises $1.50 to $2.50
AlexEliseev7: folds 
Evelexy1: calls $1.50
*** FLOP *** [7s Th 8s]
Evelexy1: checks 
Melenya: checks 
*** TURN *** [7s Th 8s] [9s]
Evelexy1: checks 
Melenya: checks 
*** RIVER *** [7s Th 8s 9s] [As]
Evelexy1: checks 
Melenya: checks 
*** SHOW DOWN ***
Evelexy1: shows [Ad 4c] (a pair of Aces)
Melenya: mucks hand 
Evelexy1 collected $5.22 from pot
*** SUMMARY ***
Total pot $5.50 | Rake $0.28 
Board [7s Th 8s 9s As]
Seat 1: v.sting folded before Flop (didn't bet)
Seat 2: Melenya (button) mucked
Seat 3: AlexEliseev7 (small blind) folded before Flop
Seat 4: Evelexy1 (big blind) showed [Ad 4c] and won ($5.22) with a pair of Aces
Seat 5: KarP93 folded before Flop (didn't bet)
Seat 6: Nappyrash88 folded before Flop (didn't bet)



PokerStars Hand #254483520071:  Hold'em No Limit ($0.50/$1.00 USD) - 2025/01/21 13:49:59 WET [2025/01/21 8:49:59 ET]
Table 'Heidelberga IV' 6-max Seat #3 is the button
Seat 1: v.sting ($118.66 in chips) 
Seat 2: Melenya ($100 in chips) 
Seat 3: AlexEliseev7 ($113.59 in chips) 
Seat 4: Evelexy1 ($102.72 in chips) 
Seat 5: KarP93 ($102.89 in chips) 
Seat 6: Nappyrash88 ($107.62 in chips) 
Evelexy1: posts small blind $0.50
KarP93: posts big blind $1
*** HOLE CARDS ***
Nappyrash88: folds 
v.sting: folds 
Melenya: raises $1.30 to $2.30
AlexEliseev7: folds 
Evelexy1: folds 
KarP93: folds 
Uncalled bet ($1.30) returned to Melenya
Melenya collected $2.50 from pot
Melenya: doesn't show hand 
*** SUMMARY ***
Total pot $2.50 | Rake $0 
Seat 1: v.sting folded before Flop (didn't bet)
Seat 2: Melenya collected ($2.50)
Seat 3: AlexEliseev7 (button) folded before Flop (didn't bet)
Seat 4: Evelexy1 (small blind) folded before Flop
Seat 5: KarP93 (big blind) folded before Flop
Seat 6: Nappyrash88 folded before Flop (didn't bet)



PokerStars Hand #254483522589:  Hold'em No Limit ($0.50/$1.00 USD) - 2025/01/21 13:50:15 WET [2025/01/21 8:50:15 ET]
Table 'Heidelberga IV' 6-max Seat #4 is the button
Seat 1: v.sting ($118.66 in chips) 
Seat 2: Melenya ($101.50 in chips) 
Seat 3: AlexEliseev7 ($113.59 in chips) 
Seat 4: Evelexy1 ($102.22 in chips) 
Seat 5: KarP93 ($101.89 in chips) 
Seat 6: Nappyrash88 ($107.62 in chips) 
KarP93: posts small blind $0.50
Nappyrash88: posts big blind $1
*** HOLE CARDS ***
v.sting: folds 
Melenya: raises $1 to $2
AlexEliseev7: folds 
Evelexy1: folds 
KarP93: folds 
Nappyrash88: raises $1 to $3
v.sting leaves the table
Melenya: raises $11 to $14
Nappyrash88: folds 
Uncalled bet ($11) returned to Melenya
Melenya collected $6.50 from pot
Melenya: doesn't show hand 
*** SUMMARY ***
Total pot $6.50 | Rake $0 
Seat 1: v.sting folded before Flop (didn't bet)
Seat 2: Melenya collected ($6.50)
Seat 3: AlexEliseev7 folded before Flop (didn't bet)
Seat 4: Evelexy1 (button) folded before Flop (didn't bet)
Seat 5: KarP93 (small blind) folded before Flop
Seat 6: Nappyrash88 (big blind) folded before Flop



PokerStars Hand #254483528376:  Hold'em No Limit ($0.50/$1.00 USD) - 2025/01/21 13:50:50 WET [2025/01/21 8:50:50 ET]
Table 'Heidelberga IV' 6-max Seat #5 is the button
Seat 2: Melenya ($105 in chips) 
Seat 3: AlexEliseev7 ($113.59 in chips) 
Seat 4: Evelexy1 ($102.22 in chips) 
Seat 5: KarP93 ($101.39 in chips) 
Seat 6: Nappyrash88 ($104.62 in chips) 
Nappyrash88: posts small blind $0.50
Melenya: posts big blind $1
*** HOLE CARDS ***
AlexEliseev7: folds 
Evelexy1: raises $2 to $3
KarP93: folds 
Nappyrash88: raises $3 to $6
Melenya: folds 
Evelexy1: raises $17 to $23
Nappyrash88: calls $17
*** FLOP *** [8c 7s 9s]
Nappyrash88: checks 
Evelexy1: bets $14.88
Nappyrash88: folds 
Uncalled bet ($14.88) returned to Evelexy1
Evelexy1 collected $44.65 from pot
Evelexy1: doesn't show hand 
*** SUMMARY ***
Total pot $47 | Rake $2.35 
Board [8c 7s 9s]
Seat 2: Melenya (big blind) folded before Flop
Seat 3: AlexEliseev7 folded before Flop (didn't bet)
Seat 4: Evelexy1 collected ($44.65)
Seat 5: KarP93 (button) folded before Flop (didn't bet)
Seat 6: Nappyrash88 (small blind) folded on the Flop



PokerStars Hand #254483535777:  Hold'em No Limit ($0.50/$1.00 USD) - 2025/01/21 13:51:37 WET [2025/01/21 8:51:37 ET]
Table 'Heidelberga IV' 6-max Seat #6 is the button
Seat 4: Evelexy1 ($123.87 in chips) is sitting out
Seat 2: Melenya ($104 in chips) 
Seat 3: AlexEliseev7 ($113.59 in chips) 
Seat 5: KarP93 ($101.39 in chips) 
Seat 6: Nappyrash88 ($81.62 in chips) 
Melenya: posts small blind $0.50
AlexEliseev7: posts big blind $1
*** HOLE CARDS ***
Evelexy1 leaves the table
KarP93: folds 
Nappyrash88: folds 
Melenya: raises $2 to $3
AlexEliseev7: calls $2
*** FLOP *** [Th 5d 3d]
ru_ruu_ru joins the table at seat #1 
Melenya: bets $1.90
AlexEliseev7: folds 
Uncalled bet ($1.90) returned to Melenya
Melenya collected $5.70 from pot
Melenya: doesn't show hand 
*** SUMMARY ***
Total pot $6 | Rake $0.30 
Board [Th 5d 3d]
Seat 4: Evelexy1
Seat 2: Melenya (small blind) collected ($5.70)
Seat 3: AlexEliseev7 (big blind) folded on the Flop
Seat 5: KarP93 folded before Flop (didn't bet)
Seat 6: Nappyrash88 (button) folded before Flop (didn't bet)



PokerStars Hand #254483542195:  Hold'em No Limit ($0.50/$1.00 USD) - 2025/01/21 13:52:16 WET [2025/01/21 8:52:16 ET]
Table 'Heidelberga IV' 6-max Seat #2 is the button
Seat 1: ru_ruu_ru ($100 in chips) is sitting out
Seat 2: Melenya ($106.70 in chips) 
Seat 3: AlexEliseev7 ($110.59 in chips) 
Seat 5: KarP93 ($101.39 in chips) 
Seat 6: Nappyrash88 ($81.62 in chips) 
AlexEliseev7: posts small blind $0.50
KarP93: posts big blind $1
ru_ruu_ru: sits out 
*** HOLE CARDS ***
Nappyrash88: calls $1
Melenya: raises $2.50 to $3.50
AlexEliseev7: folds 
KarP93: folds 
Nappyrash88: calls $2.50
*** FLOP *** [Ts 2c 5d]
Nappyrash88: checks 
Melenya: bets $2.02
Nappyrash88: calls $2.02
*** TURN *** [Ts 2c 5d] [4c]
Nappyrash88: bets $5.96
Melenya: folds 
Uncalled bet ($5.96) returned to Nappyrash88
Nappyrash88 collected $11.91 from pot
*** SUMMARY ***
Total pot $12.54 | Rake $0.63 
Board [Ts 2c 5d 4c]
Seat 1: ru_ruu_ru
Seat 2: Melenya (button) folded on the Turn
Seat 3: AlexEliseev7 (small blind) folded before Flop
Seat 5: KarP93 (big blind) folded before Flop
Seat 6: Nappyrash88 collected ($11.91)



PokerStars Hand #254483549515:  Hold'em No Limit ($0.50/$1.00 USD) - 2025/01/21 13:53:01 WET [2025/01/21 8:53:01 ET]
Table 'Heidelberga IV' 6-max Seat #3 is the button
Seat 1: ru_ruu_ru ($100 in chips) is sitting out
Seat 2: Melenya ($101.18 in chips) 
Seat 3: AlexEliseev7 ($110.09 in chips) 
Seat 5: KarP93 ($100.39 in chips) 
Seat 6: Nappyrash88 ($88.01 in chips) 
KarP93: posts small blind $0.50
Nappyrash88: posts big blind $1
ru_ruu_ru: sits out 
*** HOLE CARDS ***
Melenya: folds 
AlexEliseev7: raises $1.50 to $2.50
KarP93: folds 
Nappyrash88: calls $1.50
*** FLOP *** [Ks As Kc]
Nappyrash88: bets $2.61
AlexEliseev7: calls $2.61
*** TURN *** [Ks As Kc] [Jh]
Nappyrash88: checks 
AlexEliseev7: bets $7.94
Nappyrash88: folds 
Uncalled bet ($7.94) returned to AlexEliseev7
AlexEliseev7 collected $10.18 from pot
AlexEliseev7: doesn't show hand 
*** SUMMARY ***
Total pot $10.72 | Rake $0.54 
Board [Ks As Kc Jh]
Seat 1: ru_ruu_ru
Seat 2: Melenya folded before Flop (didn't bet)
Seat 3: AlexEliseev7 (button) collected ($10.18)
Seat 5: KarP93 (small blind) folded before Flop
Seat 6: Nappyrash88 (big blind) folded on the Turn



PokerStars Hand #254483555518:  Hold'em No Limit ($0.50/$1.00 USD) - 2025/01/21 13:53:38 WET [2025/01/21 8:53:38 ET]
Table 'Heidelberga IV' 6-max Seat #5 is the button
Seat 1: ru_ruu_ru ($100 in chips) 
Seat 2: Melenya ($101.18 in chips) 
Seat 3: AlexEliseev7 ($115.16 in chips) 
Seat 5: KarP93 ($100 in chips) 
Seat 6: Nappyrash88 ($82.90 in chips) 
Nappyrash88: posts small blind $0.50
ru_ruu_ru: posts big blind $1
*** HOLE CARDS ***
Melenya: raises $1 to $2
AlexEliseev7: folds 
Quahrino joins the table at seat #4 
KarP93: folds 
Nappyrash88: calls $1.50
ru_ruu_ru: folds 
*** FLOP *** [3s 8h Qd]
Nappyrash88: checks 
Melenya: bets $1.19
Nappyrash88: folds 
Uncalled bet ($1.19) returned to Melenya
Melenya collected $4.75 from pot
Melenya: doesn't show hand 
*** SUMMARY ***
Total pot $5 | Rake $0.25 
Board [3s 8h Qd]
Seat 1: ru_ruu_ru (big blind) folded before Flop
Seat 2: Melenya collected ($4.75)
Seat 3: AlexEliseev7 folded before Flop (didn't bet)
Seat 5: KarP93 (button) folded before Flop (didn't bet)
Seat 6: Nappyrash88 (small blind) folded on the Flop



PokerStars Hand #254483561117:  Hold'em No Limit ($0.50/$1.00 USD) - 2025/01/21 13:54:12 WET [2025/01/21 8:54:12 ET]
Table 'Heidelberga IV' 6-max Seat #6 is the button
Seat 4: Quahrino ($100 in chips) is sitting out
Seat 1: ru_ruu_ru ($100 in chips) 
Seat 2: Melenya ($103.93 in chips) 
Seat 3: AlexEliseev7 ($115.16 in chips) 
Seat 5: KarP93 ($100 in chips) 
Seat 6: Nappyrash88 ($80.90 in chips) 
ru_ruu_ru: posts small blind $0.50
Melenya: posts big blind $1
Quahrino: sits out 
*** HOLE CARDS ***
AlexEliseev7: folds 
KarP93: raises $1.50 to $2.50
Nappyrash88: folds 
ru_ruu_ru: folds 
Melenya: folds 
Uncalled bet ($1.50) returned to KarP93
KarP93 collected $2.50 from pot
KarP93: doesn't show hand 
*** SUMMARY ***
Total pot $2.50 | Rake $0 
Seat 4: Quahrino
Seat 1: ru_ruu_ru (small blind) folded before Flop
Seat 2: Melenya (big blind) folded before Flop
Seat 3: AlexEliseev7 folded before Flop (didn't bet)
Seat 5: KarP93 collected ($2.50)
Seat 6: Nappyrash88 (button) folded before Flop (didn't bet)



PokerStars Hand #254483563423:  Hold'em No Limit ($0.50/$1.00 USD) - 2025/01/21 13:54:26 WET [2025/01/21 8:54:26 ET]
Table 'Heidelberga IV' 6-max Seat #1 is the button
Seat 4: Quahrino ($100 in chips) is sitting out
Seat 1: ru_ruu_ru ($100 in chips) 
Seat 2: Melenya ($102.93 in chips) 
Seat 3: AlexEliseev7 ($115.16 in chips) 
Seat 5: KarP93 ($101.50 in chips) 
Seat 6: Nappyrash88 ($80.90 in chips) 
Melenya: posts small blind $0.50
AlexEliseev7: posts big blind $1
Quahrino: sits out 
*** HOLE CARDS ***
KarP93: folds 
Nappyrash88: folds 
ru_ruu_ru: raises $1.50 to $2.50
Melenya: folds 
AlexEliseev7: raises $7.50 to $10
ru_ruu_ru: calls $7.50
*** FLOP *** [As Qc 3h]
AlexEliseev7: bets $6.43
ru_ruu_ru: folds 
Uncalled bet ($6.43) returned to AlexEliseev7
AlexEliseev7 collected $19.48 from pot
AlexEliseev7: doesn't show hand 
*** SUMMARY ***
Total pot $20.50 | Rake $1.02 
Board [As Qc 3h]
Seat 4: Quahrino
Seat 1: ru_ruu_ru (button) folded on the Flop
Seat 2: Melenya (small blind) folded before Flop
Seat 3: AlexEliseev7 (big blind) collected ($19.48)
Seat 5: KarP93 folded before Flop (didn't bet)
Seat 6: Nappyrash88 folded before Flop (didn't bet)



PokerStars Hand #254483570616:  Hold'em No Limit ($0.50/$1.00 USD) - 2025/01/21 13:55:13 WET [2025/01/21 8:55:13 ET]
Table 'Heidelberga IV' 6-max Seat #2 is the button
Seat 1: ru_ruu_ru ($100 in chips) 
Seat 2: Melenya ($102.43 in chips) 
Seat 3: AlexEliseev7 ($124.64 in chips) 
Seat 4: Quahrino ($100 in chips) 
Seat 5: KarP93 ($101.50 in chips) 
Seat 6: Nappyrash88 ($80.90 in chips) 
AlexEliseev7: posts small blind $0.50
Quahrino: posts big blind $1
*** HOLE CARDS ***
KarP93: folds 
Nappyrash88: folds 
ru_ruu_ru: raises $1.50 to $2.50
Melenya: raises $5 to $7.50
AlexEliseev7: folds 
Quahrino: folds 
ru_ruu_ru: calls $5
*** FLOP *** [4h 6d 3h]
ru_ruu_ru: checks 
Melenya: checks 
*** TURN *** [4h 6d 3h] [9s]
ru_ruu_ru: checks 
Melenya: checks 
*** RIVER *** [4h 6d 3h 9s] [Jd]
ru_ruu_ru: checks 
Melenya: checks 
*** SHOW DOWN ***
ru_ruu_ru: shows [Qh Ah] (high card Ace)
Melenya: shows [Qc Ac] (high card Ace)
ru_ruu_ru collected $7.84 from pot
Melenya collected $7.84 from pot
*** SUMMARY ***
Total pot $16.50 | Rake $0.82 
Board [4h 6d 3h 9s Jd]
Seat 1: ru_ruu_ru showed [Qh Ah] and won ($7.84) with high card Ace
Seat 2: Melenya (button) showed [Qc Ac] and won ($7.84) with high card Ace
Seat 3: AlexEliseev7 (small blind) folded before Flop
Seat 4: Quahrino (big blind) folded before Flop
Seat 5: KarP93 folded before Flop (didn't bet)
Seat 6: Nappyrash88 folded before Flop (didn't bet)



PokerStars Hand #254483579900:  Hold'em No Limit ($0.50/$1.00 USD) - 2025/01/21 13:56:25 WET [2025/01/21 8:56:25 ET]
Table 'Heidelberga IV' 6-max Seat #3 is the button
Seat 1: ru_ruu_ru ($100.34 in chips) 
Seat 2: Melenya ($102.77 in chips) 
Seat 3: AlexEliseev7 ($124.14 in chips) 
Seat 4: Quahrino ($100 in chips) 
Seat 5: KarP93 ($101.50 in chips) 
Seat 6: Nappyrash88 ($80.90 in chips) 
Quahrino: posts small blind $0.50
KarP93: posts big blind $1
*** HOLE CARDS ***
Nappyrash88: raises $2 to $3
ru_ruu_ru: folds 
Melenya: folds 
AlexEliseev7: folds 
Quahrino: folds 
KarP93: folds 
Uncalled bet ($2) returned to Nappyrash88
Nappyrash88 collected $2.50 from pot
*** SUMMARY ***
Total pot $2.50 | Rake $0 
Seat 1: ru_ruu_ru folded before Flop (didn't bet)
Seat 2: Melenya folded before Flop (didn't bet)
Seat 3: AlexEliseev7 (button) folded before Flop (didn't bet)
Seat 4: Quahrino (small blind) folded before Flop
Seat 5: KarP93 (big blind) folded before Flop
Seat 6: Nappyrash88 collected ($2.50)



PokerStars Hand #254483583689:  Hold'em No Limit ($0.50/$1.00 USD) - 2025/01/21 13:56:54 WET [2025/01/21 8:56:54 ET]
Table 'Heidelberga IV' 6-max Seat #4 is the button
Seat 1: ru_ruu_ru ($100.34 in chips) 
Seat 2: Melenya ($102.77 in chips) 
Seat 3: AlexEliseev7 ($124.14 in chips) 
Seat 4: Quahrino ($100 in chips) 
Seat 5: KarP93 ($100.50 in chips) 
Seat 6: Nappyrash88 ($82.40 in chips) 
KarP93: posts small blind $0.50
Nappyrash88: posts big blind $1
*** HOLE CARDS ***
ru_ruu_ru: folds 
Melenya: raises $1 to $2
AlexEliseev7: folds 
Quahrino: folds 
KarP93: folds 
Nappyrash88: folds 
Uncalled bet ($1) returned to Melenya
Melenya collected $2.50 from pot
Melenya: doesn't show hand 
*** SUMMARY ***
Total pot $2.50 | Rake $0 
Seat 1: ru_ruu_ru folded before Flop (didn't bet)
Seat 2: Melenya collected ($2.50)
Seat 3: AlexEliseev7 folded before Flop (didn't bet)
Seat 4: Quahrino (button) folded before Flop (didn't bet)
Seat 5: KarP93 (small blind) folded before Flop
Seat 6: Nappyrash88 (big blind) folded before Flop



PokerStars Hand #254483586771:  Hold'em No Limit ($0.50/$1.00 USD) - 2025/01/21 13:57:17 WET [2025/01/21 8:57:17 ET]
Table 'Heidelberga IV' 6-max Seat #5 is the button
Seat 1: ru_ruu_ru ($100.34 in chips) 
Seat 2: Melenya ($104.27 in chips) 
Seat 3: AlexEliseev7 ($124.14 in chips) 
Seat 4: Quahrino ($100 in chips) 
Seat 5: KarP93 ($100 in chips) 
Seat 6: Nappyrash88 ($81.40 in chips) 
Nappyrash88: posts small blind $0.50
ru_ruu_ru: posts big blind $1
*** HOLE CARDS ***
Melenya: raises $1 to $2
AlexEliseev7: folds 
Quahrino: folds 
KarP93: folds 
Nappyrash88: calls $1.50
ru_ruu_ru: raises $11 to $13
Melenya: folds 
Nappyrash88: folds 
Uncalled bet ($11) returned to ru_ruu_ru
ru_ruu_ru collected $6 from pot
ru_ruu_ru: doesn't show hand 
*** SUMMARY ***
Total pot $6 | Rake $0 
Seat 1: ru_ruu_ru (big blind) collected ($6)
Seat 2: Melenya folded before Flop
Seat 3: AlexEliseev7 folded before Flop (didn't bet)
Seat 4: Quahrino folded before Flop (didn't bet)
Seat 5: KarP93 (button) folded before Flop (didn't bet)
Seat 6: Nappyrash88 (small blind) folded before Flop



PokerStars Hand #254483593949:  Hold'em No Limit ($0.50/$1.00 USD) - 2025/01/21 13:58:12 WET [2025/01/21 8:58:12 ET]
Table 'Heidelberga IV' 6-max Seat #6 is the button
Seat 1: ru_ruu_ru ($104.34 in chips) 
Seat 2: Melenya ($102.27 in chips) 
Seat 3: AlexEliseev7 ($124.14 in chips) 
Seat 4: Quahrino ($100 in chips) 
Seat 5: KarP93 ($100 in chips) 
Seat 6: Nappyrash88 ($79.40 in chips) 
ru_ruu_ru: posts small blind $0.50
Melenya: posts big blind $1
*** HOLE CARDS ***
AlexEliseev7: folds 
Quahrino: folds 
KarP93: raises $1.50 to $2.50
Nappyrash88: folds 
ru_ruu_ru: folds 
Melenya: folds 
Uncalled bet ($1.50) returned to KarP93
KarP93 collected $2.50 from pot
KarP93: doesn't show hand 
*** SUMMARY ***
Total pot $2.50 | Rake $0 
Seat 1: ru_ruu_ru (small blind) folded before Flop
Seat 2: Melenya (big blind) folded before Flop
Seat 3: AlexEliseev7 folded before Flop (didn't bet)
Seat 4: Quahrino folded before Flop (didn't bet)
Seat 5: KarP93 collected ($2.50)
Seat 6: Nappyrash88 (button) folded before Flop (didn't bet)



PokerStars Hand #254483637267:  Hold'em No Limit ($0.50/$1.00 USD) - 2025/01/21 14:03:04 WET [2025/01/21 9:03:04 ET]
Table 'Heidelberga IV' 6-max Seat #5 is the button
Seat 1: ru_ruu_ru ($181.44 in chips) is sitting out
Seat 6: Nappyrash88 ($0 in chips) is sitting out
Seat 4: Quahrino ($102.50 in chips) 
Seat 5: KarP93 ($100 in chips) 
KarP93: posts small blind $0.50
ru_ruu_ru: is sitting out 
Quahrino: posts big blind $1
*** HOLE CARDS ***
KarP93: folds 
Uncalled bet ($0.50) returned to Quahrino
ru_ruu_ru leaves the table
Quahrino collected $1 from pot
Quahrino: doesn't show hand 
*** SUMMARY ***
Total pot $1 | Rake $0 
Seat 1: ru_ruu_ru
Seat 6: Nappyrash88
Seat 4: Quahrino (big blind) collected ($1)
Seat 5: KarP93 (button) (small blind) folded before Flop



PokerStars Hand #254483737450:  Hold'em No Limit ($0.50/$1.00 USD) - 2025/01/21 14:12:52 WET [2025/01/21 9:12:52 ET]
Table 'Heidelberga IV' 6-max Seat #6 is the button
Seat 5: KarP93 ($100 in chips) is sitting out
Seat 1: blistein ($100 in chips) 
Seat 2: Burlica2013 ($100 in chips) 
Seat 3: neild72 ($100 in chips) 
Seat 4: MakoEv ($100 in chips) 
Seat 6: magzi777 ($100 in chips) 
blistein: posts small blind $0.50
Burlica2013: posts big blind $1
*** HOLE CARDS ***
neild72: folds 
MakoEv: folds 
magzi777: folds 
blistein: folds 
Uncalled bet ($0.50) returned to Burlica2013
Burlica2013 collected $1 from pot
Burlica2013: doesn't show hand 
*** SUMMARY ***
Total pot $1 | Rake $0 
Seat 5: KarP93
Seat 1: blistein (small blind) folded before Flop
Seat 2: Burlica2013 (big blind) collected ($1)
Seat 3: neild72 folded before Flop (didn't bet)
Seat 4: MakoEv folded before Flop (didn't bet)
Seat 6: magzi777 (button) folded before Flop (didn't bet)



PokerStars Hand #254483739424:  Hold'em No Limit ($0.50/$1.00 USD) - 2025/01/21 14:13:03 WET [2025/01/21 9:13:03 ET]
Table 'Heidelberga IV' 6-max Seat #1 is the button
Seat 5: KarP93 ($100 in chips) is sitting out
Seat 1: blistein ($100 in chips) 
Seat 2: Burlica2013 ($100.50 in chips) 
Seat 3: neild72 ($100 in chips) 
Seat 4: MakoEv ($100 in chips) 
Seat 6: magzi777 ($100 in chips) 
Burlica2013: posts small blind $0.50
neild72: posts big blind $1
KarP93: sits out 
*** HOLE CARDS ***
MakoEv: folds 
magzi777: folds 
blistein: folds 
Burlica2013: calls $0.50
neild72: raises $2 to $3
Burlica2013: folds 
Uncalled bet ($2) returned to neild72
neild72 collected $2 from pot
*** SUMMARY ***
Total pot $2 | Rake $0 
Seat 5: KarP93
Seat 1: blistein (button) folded before Flop (didn't bet)
Seat 2: Burlica2013 (small blind) folded before Flop
Seat 3: neild72 (big blind) collected ($2)
Seat 4: MakoEv folded before Flop (didn't bet)
Seat 6: magzi777 folded before Flop (didn't bet)



PokerStars Hand #254483742505:  Hold'em No Limit ($0.50/$1.00 USD) - 2025/01/21 14:13:21 WET [2025/01/21 9:13:21 ET]
Table 'Heidelberga IV' 6-max Seat #2 is the button
Seat 5: KarP93 ($100 in chips) is sitting out
Seat 1: blistein ($100 in chips) 
Seat 2: Burlica2013 ($100 in chips) 
Seat 3: neild72 ($101 in chips) 
Seat 4: MakoEv ($100 in chips) 
Seat 6: magzi777 ($100 in chips) 
neild72: posts small blind $0.50
MakoEv: posts big blind $1
KarP93: sits out 
*** HOLE CARDS ***
magzi777: raises $1.50 to $2.50
blistein: folds 
Burlica2013: calls $2.50
neild72: folds 
MakoEv: folds 
*** FLOP *** [4s Kc 7s]
magzi777: checks 
Burlica2013: checks 
*** TURN *** [4s Kc 7s] [Js]
magzi777: checks 
Burlica2013: checks 
*** RIVER *** [4s Kc 7s Js] [Ah]
magzi777: checks 
Burlica2013: bets $2.04
magzi777: folds 
Uncalled bet ($2.04) returned to Burlica2013
Burlica2013 collected $6.18 from pot
Burlica2013: doesn't show hand 
*** SUMMARY ***
Total pot $6.50 | Rake $0.32 
Board [4s Kc 7s Js Ah]
Seat 5: KarP93
Seat 1: blistein folded before Flop (didn't bet)
Seat 2: Burlica2013 (button) collected ($6.18)
Seat 3: neild72 (small blind) folded before Flop
Seat 4: MakoEv (big blind) folded before Flop
Seat 6: magzi777 folded on the River



PokerStars Hand #254483755980:  Hold'em No Limit ($0.50/$1.00 USD) - 2025/01/21 14:14:39 WET [2025/01/21 9:14:39 ET]
Table 'Heidelberga IV' 6-max Seat #3 is the button
Seat 1: blistein ($100 in chips) 
Seat 2: Burlica2013 ($103.68 in chips) 
Seat 3: neild72 ($100.50 in chips) 
Seat 4: MakoEv ($100 in chips) 
Seat 5: KarP93 ($100 in chips) 
Seat 6: magzi777 ($100 in chips) 
MakoEv: posts small blind $0.50
KarP93: posts big blind $1
*** HOLE CARDS ***
magzi777: folds 
blistein: folds 
Burlica2013: raises $1.25 to $2.25
neild72: folds 
MakoEv: folds 
KarP93: folds 
Uncalled bet ($1.25) returned to Burlica2013
Burlica2013 collected $2.50 from pot
Burlica2013: doesn't show hand 
*** SUMMARY ***
Total pot $2.50 | Rake $0 
Seat 1: blistein folded before Flop (didn't bet)
Seat 2: Burlica2013 collected ($2.50)
Seat 3: neild72 (button) folded before Flop (didn't bet)
Seat 4: MakoEv (small blind) folded before Flop
Seat 5: KarP93 (big blind) folded before Flop
Seat 6: magzi777 folded before Flop (didn't bet)



PokerStars Hand #254483758226:  Hold'em No Limit ($0.50/$1.00 USD) - 2025/01/21 14:14:52 WET [2025/01/21 9:14:52 ET]
Table 'Heidelberga IV' 6-max Seat #4 is the button
Seat 1: blistein ($100 in chips) 
Seat 2: Burlica2013 ($105.18 in chips) 
Seat 3: neild72 ($100.50 in chips) 
Seat 4: MakoEv ($100 in chips) 
Seat 5: KarP93 ($100 in chips) 
Seat 6: magzi777 ($100 in chips) 
KarP93: posts small blind $0.50
magzi777: posts big blind $1
*** HOLE CARDS ***
blistein: folds 
Burlica2013: folds 
neild72: folds 
MakoEv: raises $1.50 to $2.50
KarP93: folds 
magzi777: folds 
Uncalled bet ($1.50) returned to MakoEv
MakoEv collected $2.50 from pot
MakoEv: doesn't show hand 
*** SUMMARY ***
Total pot $2.50 | Rake $0 
Seat 1: blistein folded before Flop (didn't bet)
Seat 2: Burlica2013 folded before Flop (didn't bet)
Seat 3: neild72 folded before Flop (didn't bet)
Seat 4: MakoEv (button) collected ($2.50)
Seat 5: KarP93 (small blind) folded before Flop
Seat 6: magzi777 (big blind) folded before Flop



PokerStars Hand #254483760056:  Hold'em No Limit ($0.50/$1.00 USD) - 2025/01/21 14:15:02 WET [2025/01/21 9:15:02 ET]
Table 'Heidelberga IV' 6-max Seat #5 is the button
Seat 1: blistein ($100 in chips) 
Seat 2: Burlica2013 ($105.18 in chips) 
Seat 3: neild72 ($100.50 in chips) 
Seat 4: MakoEv ($101.50 in chips) 
Seat 5: KarP93 ($100 in chips) 
Seat 6: magzi777 ($100 in chips) 
magzi777: posts small blind $0.50
blistein: posts big blind $1
*** HOLE CARDS ***
Burlica2013: folds 
neild72: folds 
MakoEv: raises $1.50 to $2.50
KarP93: folds 
magzi777: folds 
blistein: folds 
Uncalled bet ($1.50) returned to MakoEv
MakoEv collected $2.50 from pot
MakoEv: doesn't show hand 
*** SUMMARY ***
Total pot $2.50 | Rake $0 
Seat 1: blistein (big blind) folded before Flop
Seat 2: Burlica2013 folded before Flop (didn't bet)
Seat 3: neild72 folded before Flop (didn't bet)
Seat 4: MakoEv collected ($2.50)
Seat 5: KarP93 (button) folded before Flop (didn't bet)
Seat 6: magzi777 (small blind) folded before Flop



PokerStars Hand #254483764916:  Hold'em No Limit ($0.50/$1.00 USD) - 2025/01/21 14:15:30 WET [2025/01/21 9:15:30 ET]
Table 'Heidelberga IV' 6-max Seat #6 is the button
Seat 1: blistein ($100 in chips) 
Seat 2: Burlica2013 ($105.18 in chips) 
Seat 3: neild72 ($100.50 in chips) 
Seat 4: MakoEv ($103 in chips) 
Seat 5: KarP93 ($100 in chips) 
Seat 6: magzi777 ($100 in chips) 
blistein: posts small blind $0.50
Burlica2013: posts big blind $1
*** HOLE CARDS ***
neild72: folds 
MakoEv: raises $1.20 to $2.20
KarP93: folds 
magzi777: folds 
blistein: folds 
Burlica2013: raises $7.80 to $10
MakoEv: folds 
Uncalled bet ($7.80) returned to Burlica2013
Burlica2013 collected $4.90 from pot
Burlica2013: doesn't show hand 
*** SUMMARY ***
Total pot $4.90 | Rake $0 
Seat 1: blistein (small blind) folded before Flop
Seat 2: Burlica2013 (big blind) collected ($4.90)
Seat 3: neild72 folded before Flop (didn't bet)
Seat 4: MakoEv folded before Flop
Seat 5: KarP93 folded before Flop (didn't bet)
Seat 6: magzi777 (button) folded before Flop (didn't bet)



PokerStars Hand #254483771243:  Hold'em No Limit ($0.50/$1.00 USD) - 2025/01/21 14:16:07 WET [2025/01/21 9:16:07 ET]
Table 'Heidelberga IV' 6-max Seat #1 is the button
Seat 1: blistein ($100 in chips) 
Seat 2: Burlica2013 ($107.88 in chips) 
Seat 3: neild72 ($100.50 in chips) 
Seat 4: MakoEv ($100.80 in chips) 
Seat 5: KarP93 ($100 in chips) 
Seat 6: magzi777 ($100 in chips) 
Burlica2013: posts small blind $0.50
neild72: posts big blind $1
*** HOLE CARDS ***
MakoEv: folds 
KarP93: folds 
magzi777: folds 
blistein: raises $1.50 to $2.50
Burlica2013: raises $9.50 to $12
neild72: folds 
blistein: folds 
Uncalled bet ($9.50) returned to Burlica2013
Burlica2013 collected $6 from pot
Burlica2013: doesn't show hand 
*** SUMMARY ***
Total pot $6 | Rake $0 
Seat 1: blistein (button) folded before Flop
Seat 2: Burlica2013 (small blind) collected ($6)
Seat 3: neild72 (big blind) folded before Flop
Seat 4: MakoEv folded before Flop (didn't bet)
Seat 5: KarP93 folded before Flop (didn't bet)
Seat 6: magzi777 folded before Flop (didn't bet)



PokerStars Hand #254483777802:  Hold'em No Limit ($0.50/$1.00 USD) - 2025/01/21 14:16:45 WET [2025/01/21 9:16:45 ET]
Table 'Heidelberga IV' 6-max Seat #2 is the button
Seat 1: blistein ($100 in chips) 
Seat 2: Burlica2013 ($111.38 in chips) 
Seat 3: neild72 ($99.50 in chips) 
Seat 4: MakoEv ($100.80 in chips) 
Seat 5: KarP93 ($100 in chips) 
Seat 6: magzi777 ($100 in chips) 
neild72: posts small blind $0.50
MakoEv: posts big blind $1
*** HOLE CARDS ***
KarP93: folds 
magzi777: folds 
blistein: folds 
Burlica2013 has timed out
Burlica2013: folds 
neild72: folds 
Uncalled bet ($0.50) returned to MakoEv
MakoEv collected $1 from pot
MakoEv: doesn't show hand 
*** SUMMARY ***
Total pot $1 | Rake $0 
Seat 1: blistein folded before Flop (didn't bet)
Seat 2: Burlica2013 (button) folded before Flop (didn't bet)
Seat 3: neild72 (small blind) folded before Flop
Seat 4: MakoEv (big blind) collected ($1)
Seat 5: KarP93 folded before Flop (didn't bet)
Seat 6: magzi777 folded before Flop (didn't bet)



PokerStars Hand #254483783444:  Hold'em No Limit ($0.50/$1.00 USD) - 2025/01/21 14:17:18 WET [2025/01/21 9:17:18 ET]
Table 'Heidelberga IV' 6-max Seat #3 is the button
Seat 2: Burlica2013 ($111.38 in chips) is sitting out
Seat 1: blistein ($100 in chips) 
Seat 3: neild72 ($99 in chips) 
Seat 4: MakoEv ($101.30 in chips) 
Seat 5: KarP93 ($100 in chips) 
Seat 6: magzi777 ($100 in chips) 
MakoEv: posts small blind $0.50
KarP93: posts big blind $1
*** HOLE CARDS ***
magzi777: raises $1.50 to $2.50
blistein: folds 
neild72: folds 
MakoEv: folds 
KarP93: folds 
Uncalled bet ($1.50) returned to magzi777
magzi777 collected $2.50 from pot
*** SUMMARY ***
Total pot $2.50 | Rake $0 
Seat 2: Burlica2013
Seat 1: blistein folded before Flop (didn't bet)
Seat 3: neild72 (button) folded before Flop (didn't bet)
Seat 4: MakoEv (small blind) folded before Flop
Seat 5: KarP93 (big blind) folded before Flop
Seat 6: magzi777 collected ($2.50)



PokerStars Hand #254483785318:  Hold'em No Limit ($0.50/$1.00 USD) - 2025/01/21 14:17:29 WET [2025/01/21 9:17:29 ET]
Table 'Heidelberga IV' 6-max Seat #4 is the button
Seat 1: blistein ($100 in chips) 
Seat 2: Burlica2013 ($111.38 in chips) 
Seat 3: neild72 ($99 in chips) 
Seat 4: MakoEv ($100.80 in chips) 
Seat 5: KarP93 ($100 in chips) 
Seat 6: magzi777 ($101.50 in chips) 
KarP93: posts small blind $0.50
magzi777: posts big blind $1
*** HOLE CARDS ***
blistein: folds 
Burlica2013 has timed out
Burlica2013: folds 
neild72: raises $2 to $3
MakoEv: folds 
KarP93: raises $9 to $12
magzi777: folds 
neild72: calls $9
*** FLOP *** [3h Th Tc]
KarP93: bets $7.84
neild72: folds 
Uncalled bet ($7.84) returned to KarP93
KarP93 collected $23.75 from pot
KarP93: doesn't show hand 
*** SUMMARY ***
Total pot $25 | Rake $1.25 
Board [3h Th Tc]
Seat 1: blistein folded before Flop (didn't bet)
Seat 2: Burlica2013 folded before Flop (didn't bet)
Seat 3: neild72 folded on the Flop
Seat 4: MakoEv (button) folded before Flop (didn't bet)
Seat 5: KarP93 (small blind) collected ($23.75)
Seat 6: magzi777 (big blind) folded before Flop



PokerStars Hand #254483794245:  Hold'em No Limit ($0.50/$1.00 USD) - 2025/01/21 14:18:21 WET [2025/01/21 9:18:21 ET]
Table 'Heidelberga IV' 6-max Seat #5 is the button
Seat 1: blistein ($100 in chips) 
Seat 2: Burlica2013 ($111.38 in chips) 
Seat 3: neild72 ($87 in chips) 
Seat 4: MakoEv ($100.80 in chips) 
Seat 5: KarP93 ($111.75 in chips) 
Seat 6: magzi777 ($100.50 in chips) 
magzi777: posts small blind $0.50
blistein: posts big blind $1
*** HOLE CARDS ***
Burlica2013: raises $1.20 to $2.20
neild72: calls $2.20
MakoEv: folds 
KarP93: calls $2.20
magzi777: raises $11.80 to $14
blistein: folds 
Burlica2013: folds 
neild72: folds 
KarP93: folds 
Uncalled bet ($11.80) returned to magzi777
magzi777 collected $9.80 from pot
*** SUMMARY ***
Total pot $9.80 | Rake $0 
Seat 1: blistein (big blind) folded before Flop
Seat 2: Burlica2013 folded before Flop
Seat 3: neild72 folded before Flop
Seat 4: MakoEv folded before Flop (didn't bet)
Seat 5: KarP93 (button) folded before Flop
Seat 6: magzi777 (small blind) collected ($9.80)



PokerStars Hand #254483800101:  Hold'em No Limit ($0.50/$1.00 USD) - 2025/01/21 14:18:55 WET [2025/01/21 9:18:55 ET]
Table 'Heidelberga IV' 6-max Seat #6 is the button
Seat 1: blistein ($100 in chips) 
Seat 2: Burlica2013 ($109.18 in chips) 
Seat 3: neild72 ($84.80 in chips) 
Seat 4: MakoEv ($100.80 in chips) 
Seat 5: KarP93 ($109.55 in chips) 
Seat 6: magzi777 ($108.10 in chips) 
blistein: posts small blind $0.50
Burlica2013: posts big blind $1
*** HOLE CARDS ***
neild72: folds 
MakoEv: folds 
KarP93: folds 
magzi777: folds 
blistein: folds 
Uncalled bet ($0.50) returned to Burlica2013
Burlica2013 collected $1 from pot
Burlica2013: doesn't show hand 
*** SUMMARY ***
Total pot $1 | Rake $0 
Seat 1: blistein (small blind) folded before Flop
Seat 2: Burlica2013 (big blind) collected ($1)
Seat 3: neild72 folded before Flop (didn't bet)
Seat 4: MakoEv folded before Flop (didn't bet)
Seat 5: KarP93 folded before Flop (didn't bet)
Seat 6: magzi777 (button) folded before Flop (didn't bet)



PokerStars Hand #254483802228:  Hold'em No Limit ($0.50/$1.00 USD) - 2025/01/21 14:19:07 WET [2025/01/21 9:19:07 ET]
Table 'Heidelberga IV' 6-max Seat #1 is the button
Seat 1: blistein ($100 in chips) 
Seat 2: Burlica2013 ($109.68 in chips) 
Seat 3: neild72 ($84.80 in chips) 
Seat 4: MakoEv ($100.80 in chips) 
Seat 5: KarP93 ($109.55 in chips) 
Seat 6: magzi777 ($108.10 in chips) 
Burlica2013: posts small blind $0.50
neild72: posts big blind $1
*** HOLE CARDS ***
MakoEv: folds 
KarP93: folds 
magzi777: folds 
blistein: folds 
Burlica2013: folds 
Uncalled bet ($0.50) returned to neild72
neild72 collected $1 from pot
neild72: shows [7d Jc] (high card Jack)
*** SUMMARY ***
Total pot $1 | Rake $0 
Seat 1: blistein (button) folded before Flop (didn't bet)
Seat 2: Burlica2013 (small blind) folded before Flop
Seat 3: neild72 (big blind) collected ($1)
Seat 4: MakoEv folded before Flop (didn't bet)
Seat 5: KarP93 folded before Flop (didn't bet)
Seat 6: magzi777 folded before Flop (didn't bet)



PokerStars Hand #254483803403:  Hold'em No Limit ($0.50/$1.00 USD) - 2025/01/21 14:19:14 WET [2025/01/21 9:19:14 ET]
Table 'Heidelberga IV' 6-max Seat #2 is the button
Seat 1: blistein ($100 in chips) 
Seat 2: Burlica2013 ($109.18 in chips) 
Seat 3: neild72 ($85.30 in chips) 
Seat 4: MakoEv ($100.80 in chips) 
Seat 5: KarP93 ($109.55 in chips) 
Seat 6: magzi777 ($108.10 in chips) 
neild72: posts small blind $0.50
MakoEv: posts big blind $1
*** HOLE CARDS ***
KarP93: raises $1.50 to $2.50
magzi777: folds 
blistein: folds 
Burlica2013: folds 
neild72: folds 
MakoEv: folds 
Uncalled bet ($1.50) returned to KarP93
KarP93 collected $2.50 from pot
KarP93: doesn't show hand 
*** SUMMARY ***
Total pot $2.50 | Rake $0 
Seat 1: blistein folded before Flop (didn't bet)
Seat 2: Burlica2013 (button) folded before Flop (didn't bet)
Seat 3: neild72 (small blind) folded before Flop
Seat 4: MakoEv (big blind) folded before Flop
Seat 5: KarP93 collected ($2.50)
Seat 6: magzi777 folded before Flop (didn't bet)



PokerStars Hand #254483807026:  Hold'em No Limit ($0.50/$1.00 USD) - 2025/01/21 14:19:35 WET [2025/01/21 9:19:35 ET]
Table 'Heidelberga IV' 6-max Seat #3 is the button
Seat 1: blistein ($100 in chips) 
Seat 2: Burlica2013 ($109.18 in chips) 
Seat 3: neild72 ($84.80 in chips) 
Seat 4: MakoEv ($100 in chips) 
Seat 5: KarP93 ($111.05 in chips) 
Seat 6: magzi777 ($108.10 in chips) 
MakoEv: posts small blind $0.50
KarP93: posts big blind $1
*** HOLE CARDS ***
magzi777: raises $1.50 to $2.50
blistein: folds 
Burlica2013: folds 
neild72: folds 
MakoEv: folds 
KarP93: folds 
Uncalled bet ($1.50) returned to magzi777
magzi777 collected $2.50 from pot
*** SUMMARY ***
Total pot $2.50 | Rake $0 
Seat 1: blistein folded before Flop (didn't bet)
Seat 2: Burlica2013 folded before Flop (didn't bet)
Seat 3: neild72 (button) folded before Flop (didn't bet)
Seat 4: MakoEv (small blind) folded before Flop
Seat 5: KarP93 (big blind) folded before Flop
Seat 6: magzi777 collected ($2.50)



PokerStars Hand #254483812312:  Hold'em No Limit ($0.50/$1.00 USD) - 2025/01/21 14:20:05 WET [2025/01/21 9:20:05 ET]
Table 'Heidelberga IV' 6-max Seat #4 is the button
Seat 1: blistein ($100 in chips) 
Seat 2: Burlica2013 ($109.18 in chips) 
Seat 3: neild72 ($84.80 in chips) 
Seat 4: MakoEv ($100 in chips) 
Seat 5: KarP93 ($110.05 in chips) 
Seat 6: magzi777 ($109.60 in chips) 
KarP93: posts small blind $0.50
magzi777: posts big blind $1
*** HOLE CARDS ***
blistein: folds 
Burlica2013: folds 
neild72: raises $1 to $2
MakoEv: folds 
KarP93: folds 
magzi777: calls $1
*** FLOP *** [6h Qh 5s]
magzi777: checks 
neild72: bets $2
magzi777: folds 
Uncalled bet ($2) returned to neild72
neild72 collected $4.28 from pot
*** SUMMARY ***
Total pot $4.50 | Rake $0.22 
Board [6h Qh 5s]
Seat 1: blistein folded before Flop (didn't bet)
Seat 2: Burlica2013 folded before Flop (didn't bet)
Seat 3: neild72 collected ($4.28)
Seat 4: MakoEv (button) folded before Flop (didn't bet)
Seat 5: KarP93 (small blind) folded before Flop
Seat 6: magzi777 (big blind) folded on the Flop



PokerStars Hand #254483817726:  Hold'em No Limit ($0.50/$1.00 USD) - 2025/01/21 14:20:36 WET [2025/01/21 9:20:36 ET]
Table 'Heidelberga IV' 6-max Seat #5 is the button
Seat 1: blistein ($100 in chips) 
Seat 2: Burlica2013 ($109.18 in chips) 
Seat 3: neild72 ($87.08 in chips) 
Seat 4: MakoEv ($100 in chips) 
Seat 5: KarP93 ($109.55 in chips) 
Seat 6: magzi777 ($107.60 in chips) 
magzi777: posts small blind $0.50
blistein: posts big blind $1
*** HOLE CARDS ***
Burlica2013: folds 
neild72: folds 
MakoEv: raises $1.50 to $2.50
KarP93: folds 
magzi777: folds 
blistein: folds 
Uncalled bet ($1.50) returned to MakoEv
MakoEv collected $2.50 from pot
MakoEv: doesn't show hand 
*** SUMMARY ***
Total pot $2.50 | Rake $0 
Seat 1: blistein (big blind) folded before Flop
Seat 2: Burlica2013 folded before Flop (didn't bet)
Seat 3: neild72 folded before Flop (didn't bet)
Seat 4: MakoEv collected ($2.50)
Seat 5: KarP93 (button) folded before Flop (didn't bet)
Seat 6: magzi777 (small blind) folded before Flop



PokerStars Hand #254483821478:  Hold'em No Limit ($0.50/$1.00 USD) - 2025/01/21 14:20:58 WET [2025/01/21 9:20:58 ET]
Table 'Heidelberga IV' 6-max Seat #6 is the button
Seat 1: blistein ($100 in chips) 
Seat 2: Burlica2013 ($109.18 in chips) 
Seat 3: neild72 ($87.08 in chips) 
Seat 4: MakoEv ($101.50 in chips) 
Seat 5: KarP93 ($109.55 in chips) 
Seat 6: magzi777 ($107.10 in chips) 
blistein: posts small blind $0.50
Burlica2013: posts big blind $1
*** HOLE CARDS ***
neild72: folds 
MakoEv: folds 
KarP93: raises $1.50 to $2.50
magzi777: folds 
blistein: folds 
Burlica2013: folds 
Uncalled bet ($1.50) returned to KarP93
KarP93 collected $2.50 from pot
KarP93: doesn't show hand 
*** SUMMARY ***
Total pot $2.50 | Rake $0 
Seat 1: blistein (small blind) folded before Flop
Seat 2: Burlica2013 (big blind) folded before Flop
Seat 3: neild72 folded before Flop (didn't bet)
Seat 4: MakoEv folded before Flop (didn't bet)
Seat 5: KarP93 collected ($2.50)
Seat 6: magzi777 (button) folded before Flop (didn't bet)



PokerStars Hand #254483823558:  Hold'em No Limit ($0.50/$1.00 USD) - 2025/01/21 14:21:10 WET [2025/01/21 9:21:10 ET]
Table 'Heidelberga IV' 6-max Seat #1 is the button
Seat 1: blistein ($100 in chips) 
Seat 2: Burlica2013 ($108.18 in chips) 
Seat 3: neild72 ($87.08 in chips) 
Seat 4: MakoEv ($101.50 in chips) 
Seat 5: KarP93 ($111.05 in chips) 
Seat 6: magzi777 ($107.10 in chips) 
Burlica2013: posts small blind $0.50
neild72: posts big blind $1
*** HOLE CARDS ***
MakoEv: folds 
KarP93: folds 
magzi777: folds 
blistein: raises $1.50 to $2.50
Burlica2013: raises $9.50 to $12
neild72: folds 
blistein: calls $9.50
*** FLOP *** [4c 2s 7c]
Burlica2013: checks 
blistein: checks 
*** TURN *** [4c 2s 7c] [8c]
Burlica2013: bets $14.49
blistein: folds 
Uncalled bet ($14.49) returned to Burlica2013
Burlica2013 collected $23.75 from pot
Burlica2013: doesn't show hand 
*** SUMMARY ***
Total pot $25 | Rake $1.25 
Board [4c 2s 7c 8c]
Seat 1: blistein (button) folded on the Turn
Seat 2: Burlica2013 (small blind) collected ($23.75)
Seat 3: neild72 (big blind) folded before Flop
Seat 4: MakoEv folded before Flop (didn't bet)
Seat 5: KarP93 folded before Flop (didn't bet)
Seat 6: magzi777 folded before Flop (didn't bet)



PokerStars Hand #254483840029:  Hold'em No Limit ($0.50/$1.00 USD) - 2025/01/21 14:22:44 WET [2025/01/21 9:22:44 ET]
Table 'Heidelberga IV' 6-max Seat #2 is the button
Seat 1: blistein ($100 in chips) 
Seat 2: Burlica2013 ($119.93 in chips) 
Seat 3: neild72 ($86.08 in chips) 
Seat 4: MakoEv ($101.50 in chips) 
Seat 5: KarP93 ($111.05 in chips) 
Seat 6: magzi777 ($107.10 in chips) 
neild72: posts small blind $0.50
MakoEv: posts big blind $1
*** HOLE CARDS ***
KarP93: folds 
magzi777: folds 
blistein: folds 
Burlica2013: folds 
neild72: calls $0.50
MakoEv: raises $1.50 to $2.50
neild72: calls $1.50
*** FLOP *** [2s 7d 3s]
neild72: checks 
MakoEv: bets $1.60
neild72: calls $1.60
*** TURN *** [2s 7d 3s] [7c]
neild72: bets $4.90
MakoEv: folds 
Uncalled bet ($4.90) returned to neild72
neild72 collected $7.79 from pot
*** SUMMARY ***
Total pot $8.20 | Rake $0.41 
Board [2s 7d 3s 7c]
Seat 1: blistein folded before Flop (didn't bet)
Seat 2: Burlica2013 (button) folded before Flop (didn't bet)
Seat 3: neild72 (small blind) collected ($7.79)
Seat 4: MakoEv (big blind) folded on the Turn
Seat 5: KarP93 folded before Flop (didn't bet)
Seat 6: magzi777 folded before Flop (didn't bet)



PokerStars Hand #254483847489:  Hold'em No Limit ($0.50/$1.00 USD) - 2025/01/21 14:23:27 WET [2025/01/21 9:23:27 ET]
Table 'Heidelberga IV' 6-max Seat #3 is the button
Seat 1: blistein ($100 in chips) 
Seat 2: Burlica2013 ($119.93 in chips) 
Seat 3: neild72 ($89.77 in chips) 
Seat 4: MakoEv ($100 in chips) 
Seat 5: KarP93 ($111.05 in chips) 
Seat 6: magzi777 ($107.10 in chips) 
MakoEv: posts small blind $0.50
KarP93: posts big blind $1
*** HOLE CARDS ***
magzi777: folds 
blistein: folds 
Burlica2013: raises $1.25 to $2.25
neild72: folds 
MakoEv: folds 
KarP93: folds 
Uncalled bet ($1.25) returned to Burlica2013
Burlica2013 collected $2.50 from pot
Burlica2013: doesn't show hand 
*** SUMMARY ***
Total pot $2.50 | Rake $0 
Seat 1: blistein folded before Flop (didn't bet)
Seat 2: Burlica2013 collected ($2.50)
Seat 3: neild72 (button) folded before Flop (didn't bet)
Seat 4: MakoEv (small blind) folded before Flop
Seat 5: KarP93 (big blind) folded before Flop
Seat 6: magzi777 folded before Flop (didn't bet)



PokerStars Hand #254483851634:  Hold'em No Limit ($0.50/$1.00 USD) - 2025/01/21 14:23:51 WET [2025/01/21 9:23:51 ET]
Table 'Heidelberga IV' 6-max Seat #4 is the button
Seat 1: blistein ($100 in chips) 
Seat 2: Burlica2013 ($121.43 in chips) 
Seat 3: neild72 ($89.77 in chips) 
Seat 4: MakoEv ($100 in chips) 
Seat 5: KarP93 ($110.05 in chips) 
Seat 6: magzi777 ($107.10 in chips) 
KarP93: posts small blind $0.50
magzi777: posts big blind $1
*** HOLE CARDS ***
blistein: raises $1.20 to $2.20
Burlica2013: folds 
neild72: folds 
MakoEv: folds 
KarP93: folds 
magzi777: folds 
Uncalled bet ($1.20) returned to blistein
blistein collected $2.50 from pot
blistein: doesn't show hand 
*** SUMMARY ***
Total pot $2.50 | Rake $0 
Seat 1: blistein collected ($2.50)
Seat 2: Burlica2013 folded before Flop (didn't bet)
Seat 3: neild72 folded before Flop (didn't bet)
Seat 4: MakoEv (button) folded before Flop (didn't bet)
Seat 5: KarP93 (small blind) folded before Flop
Seat 6: magzi777 (big blind) folded before Flop



PokerStars Hand #254483854686:  Hold'em No Limit ($0.50/$1.00 USD) - 2025/01/21 14:24:08 WET [2025/01/21 9:24:08 ET]
Table 'Heidelberga IV' 6-max Seat #5 is the button
Seat 1: blistein ($101.50 in chips) 
Seat 2: Burlica2013 ($121.43 in chips) 
Seat 3: neild72 ($89.77 in chips) 
Seat 4: MakoEv ($100 in chips) 
Seat 5: KarP93 ($109.55 in chips) 
Seat 6: magzi777 ($106.10 in chips) 
magzi777: posts small blind $0.50
blistein: posts big blind $1
*** HOLE CARDS ***
Burlica2013: folds 
neild72: folds 
MakoEv: folds 
KarP93: folds 
magzi777: folds 
Uncalled bet ($0.50) returned to blistein
blistein collected $1 from pot
blistein: doesn't show hand 
*** SUMMARY ***
Total pot $1 | Rake $0 
Seat 1: blistein (big blind) collected ($1)
Seat 2: Burlica2013 folded before Flop (didn't bet)
Seat 3: neild72 folded before Flop (didn't bet)
Seat 4: MakoEv folded before Flop (didn't bet)
Seat 5: KarP93 (button) folded before Flop (didn't bet)
Seat 6: magzi777 (small blind) folded before Flop



PokerStars Hand #254483856550:  Hold'em No Limit ($0.50/$1.00 USD) - 2025/01/21 14:24:19 WET [2025/01/21 9:24:19 ET]
Table 'Heidelberga IV' 6-max Seat #6 is the button
Seat 1: blistein ($102 in chips) 
Seat 2: Burlica2013 ($121.43 in chips) 
Seat 3: neild72 ($89.77 in chips) 
Seat 4: MakoEv ($100 in chips) 
Seat 5: KarP93 ($109.55 in chips) 
Seat 6: magzi777 ($105.60 in chips) 
blistein: posts small blind $0.50
Burlica2013: posts big blind $1
*** HOLE CARDS ***
neild72: folds 
MakoEv: raises $1.20 to $2.20
KarP93: folds 
magzi777: folds 
blistein: folds 
Burlica2013: folds 
Uncalled bet ($1.20) returned to MakoEv
MakoEv collected $2.50 from pot
MakoEv: doesn't show hand 
*** SUMMARY ***
Total pot $2.50 | Rake $0 
Seat 1: blistein (small blind) folded before Flop
Seat 2: Burlica2013 (big blind) folded before Flop
Seat 3: neild72 folded before Flop (didn't bet)
Seat 4: MakoEv collected ($2.50)
Seat 5: KarP93 folded before Flop (didn't bet)
Seat 6: magzi777 (button) folded before Flop (didn't bet)



PokerStars Hand #254483858726:  Hold'em No Limit ($0.50/$1.00 USD) - 2025/01/21 14:24:31 WET [2025/01/21 9:24:31 ET]
Table 'Heidelberga IV' 6-max Seat #1 is the button
Seat 1: blistein ($101.50 in chips) 
Seat 2: Burlica2013 ($120.43 in chips) 
Seat 3: neild72 ($89.77 in chips) 
Seat 4: MakoEv ($101.50 in chips) 
Seat 5: KarP93 ($109.55 in chips) 
Seat 6: magzi777 ($105.60 in chips) 
Burlica2013: posts small blind $0.50
neild72: posts big blind $1
*** HOLE CARDS ***
MakoEv has timed out
MakoEv: folds 
KarP93: folds 
magzi777: folds 
blistein: folds 
Burlica2013: folds 
Uncalled bet ($0.50) returned to neild72
neild72 collected $1 from pot
neild72: shows [7s 4c] (high card Seven)
*** SUMMARY ***
Total pot $1 | Rake $0 
Seat 1: blistein (button) folded before Flop (didn't bet)
Seat 2: Burlica2013 (small blind) folded before Flop
Seat 3: neild72 (big blind) collected ($1)
Seat 4: MakoEv folded before Flop (didn't bet)
Seat 5: KarP93 folded before Flop (didn't bet)
Seat 6: magzi777 folded before Flop (didn't bet)



PokerStars Hand #254483861805:  Hold'em No Limit ($0.50/$1.00 USD) - 2025/01/21 14:24:49 WET [2025/01/21 9:24:49 ET]
Table 'Heidelberga IV' 6-max Seat #2 is the button
Seat 1: blistein ($101.50 in chips) 
Seat 2: Burlica2013 ($119.93 in chips) 
Seat 3: neild72 ($90.27 in chips) 
Seat 4: MakoEv ($101.50 in chips) 
Seat 5: KarP93 ($109.55 in chips) 
Seat 6: magzi777 ($105.60 in chips) 
neild72: posts small blind $0.50
MakoEv: posts big blind $1
*** HOLE CARDS ***
KarP93: raises $1.50 to $2.50
magzi777: raises $5 to $7.50
blistein: folds 
Burlica2013: folds 
neild72: calls $7
MakoEv: folds 
KarP93: calls $5
*** FLOP *** [3c Ts Kc]
neild72: checks 
KarP93: checks 
magzi777: checks 
*** TURN *** [3c Ts Kc] [Qd]
neild72: checks 
KarP93: checks 
magzi777: checks 
*** RIVER *** [3c Ts Kc Qd] [8d]
neild72: checks 
KarP93: checks 
magzi777: checks 
*** SHOW DOWN ***
neild72: shows [4h 4s] (a pair of Fours)
KarP93: shows [6s 6c] (a pair of Sixes)
magzi777: shows [9s 9h] (a pair of Nines)
magzi777 collected $22.32 from pot
*** SUMMARY ***
Total pot $23.50 | Rake $1.18 
Board [3c Ts Kc Qd 8d]
Seat 1: blistein folded before Flop (didn't bet)
Seat 2: Burlica2013 (button) folded before Flop (didn't bet)
Seat 3: neild72 (small blind) showed [4h 4s] and lost with a pair of Fours
Seat 4: MakoEv (big blind) folded before Flop
Seat 5: KarP93 showed [6s 6c] and lost with a pair of Sixes
Seat 6: magzi777 showed [9s 9h] and won ($22.32) with a pair of Nines



PokerStars Hand #254483875204:  Hold'em No Limit ($0.50/$1.00 USD) - 2025/01/21 14:26:05 WET [2025/01/21 9:26:05 ET]
Table 'Heidelberga IV' 6-max Seat #3 is the button
Seat 1: blistein ($101.50 in chips) 
Seat 2: Burlica2013 ($119.93 in chips) 
Seat 3: neild72 ($82.77 in chips) 
Seat 4: MakoEv ($100.50 in chips) 
Seat 5: KarP93 ($102.05 in chips) 
Seat 6: magzi777 ($120.42 in chips) 
MakoEv: posts small blind $0.50
KarP93: posts big blind $1
*** HOLE CARDS ***
magzi777: folds 
blistein: raises $1.20 to $2.20
Burlica2013: folds 
neild72: folds 
MakoEv: folds 
KarP93: calls $1.20
*** FLOP *** [6c 8h 2s]
KarP93: checks 
blistein: checks 
*** TURN *** [6c 8h 2s] [6d]
KarP93: checks 
blistein: bets $1.58
KarP93: calls $1.58
*** RIVER *** [6c 8h 2s 6d] [Qh]
KarP93: checks 
blistein: bets $13.91
KarP93: folds 
Uncalled bet ($13.91) returned to blistein
blistein collected $7.66 from pot
blistein: doesn't show hand 
*** SUMMARY ***
Total pot $8.06 | Rake $0.40 
Board [6c 8h 2s 6d Qh]
Seat 1: blistein collected ($7.66)
Seat 2: Burlica2013 folded before Flop (didn't bet)
Seat 3: neild72 (button) folded before Flop (didn't bet)
Seat 4: MakoEv (small blind) folded before Flop
Seat 5: KarP93 (big blind) folded on the River
Seat 6: magzi777 folded before Flop (didn't bet)



PokerStars Hand #254483889249:  Hold'em No Limit ($0.50/$1.00 USD) - 2025/01/21 14:27:25 WET [2025/01/21 9:27:25 ET]
Table 'Heidelberga IV' 6-max Seat #4 is the button
Seat 1: blistein ($105.38 in chips) 
Seat 2: Burlica2013 ($119.93 in chips) 
Seat 3: neild72 ($82.77 in chips) 
Seat 4: MakoEv ($100 in chips) 
Seat 5: KarP93 ($100 in chips) 
Seat 6: magzi777 ($120.42 in chips) 
KarP93: posts small blind $0.50
magzi777: posts big blind $1
*** HOLE CARDS ***
blistein: folds 
Burlica2013: folds 
neild72: raises $1 to $2
MakoEv: folds 
KarP93: folds 
magzi777: folds 
Uncalled bet ($1) returned to neild72
neild72 collected $2.50 from pot
*** SUMMARY ***
Total pot $2.50 | Rake $0 
Seat 1: blistein folded before Flop (didn't bet)
Seat 2: Burlica2013 folded before Flop (didn't bet)
Seat 3: neild72 collected ($2.50)
Seat 4: MakoEv (button) folded before Flop (didn't bet)
Seat 5: KarP93 (small blind) folded before Flop
Seat 6: magzi777 (big blind) folded before Flop



PokerStars Hand #254483891717:  Hold'em No Limit ($0.50/$1.00 USD) - 2025/01/21 14:27:39 WET [2025/01/21 9:27:39 ET]
Table 'Heidelberga IV' 6-max Seat #5 is the button
Seat 1: blistein ($105.38 in chips) 
Seat 2: Burlica2013 ($119.93 in chips) 
Seat 3: neild72 ($84.27 in chips) 
Seat 4: MakoEv ($100 in chips) 
Seat 5: KarP93 ($100 in chips) 
Seat 6: magzi777 ($119.42 in chips) 
magzi777: posts small blind $0.50
blistein: posts big blind $1
*** HOLE CARDS ***
Burlica2013: folds 
neild72: folds 
MakoEv: folds 
KarP93: raises $1.50 to $2.50
magzi777: folds 
blistein: folds 
Uncalled bet ($1.50) returned to KarP93
KarP93 collected $2.50 from pot
KarP93: doesn't show hand 
*** SUMMARY ***
Total pot $2.50 | Rake $0 
Seat 1: blistein (big blind) folded before Flop
Seat 2: Burlica2013 folded before Flop (didn't bet)
Seat 3: neild72 folded before Flop (didn't bet)
Seat 4: MakoEv folded before Flop (didn't bet)
Seat 5: KarP93 (button) collected ($2.50)
Seat 6: magzi777 (small blind) folded before Flop



PokerStars Hand #254483894936:  Hold'em No Limit ($0.50/$1.00 USD) - 2025/01/21 14:27:57 WET [2025/01/21 9:27:57 ET]
Table 'Heidelberga IV' 6-max Seat #6 is the button
Seat 1: blistein ($104.38 in chips) 
Seat 2: Burlica2013 ($119.93 in chips) 
Seat 3: neild72 ($84.27 in chips) 
Seat 4: MakoEv ($100 in chips) 
Seat 5: KarP93 ($101.50 in chips) 
Seat 6: magzi777 ($118.92 in chips) 
blistein: posts small blind $0.50
Burlica2013: posts big blind $1
*** HOLE CARDS ***
neild72: folds 
MakoEv: folds 
KarP93: raises $1.50 to $2.50
magzi777: folds 
blistein: folds 
Burlica2013: folds 
Uncalled bet ($1.50) returned to KarP93
KarP93 collected $2.50 from pot
KarP93: doesn't show hand 
*** SUMMARY ***
Total pot $2.50 | Rake $0 
Seat 1: blistein (small blind) folded before Flop
Seat 2: Burlica2013 (big blind) folded before Flop
Seat 3: neild72 folded before Flop (didn't bet)
Seat 4: MakoEv folded before Flop (didn't bet)
Seat 5: KarP93 collected ($2.50)
Seat 6: magzi777 (button) folded before Flop (didn't bet)



PokerStars Hand #254483898866:  Hold'em No Limit ($0.50/$1.00 USD) - 2025/01/21 14:28:19 WET [2025/01/21 9:28:19 ET]
Table 'Heidelberga IV' 6-max Seat #1 is the button
Seat 1: blistein ($103.88 in chips) 
Seat 2: Burlica2013 ($118.93 in chips) 
Seat 3: neild72 ($84.27 in chips) 
Seat 4: MakoEv ($100 in chips) 
Seat 5: KarP93 ($103 in chips) 
Seat 6: magzi777 ($118.92 in chips) 
Burlica2013: posts small blind $0.50
neild72: posts big blind $1
*** HOLE CARDS ***
MakoEv: folds 
KarP93: raises $1.50 to $2.50
magzi777: folds 
blistein: folds 
Burlica2013: folds 
neild72: calls $1.50
*** FLOP *** [As 6c Qc]
neild72: checks 
KarP93: checks 
*** TURN *** [As 6c Qc] [8c]
neild72: checks 
KarP93: checks 
*** RIVER *** [As 6c Qc 8c] [Js]
neild72: checks 
KarP93: bets $2.61
neild72: folds 
Uncalled bet ($2.61) returned to KarP93
KarP93 collected $5.22 from pot
KarP93: doesn't show hand 
*** SUMMARY ***
Total pot $5.50 | Rake $0.28 
Board [As 6c Qc 8c Js]
Seat 1: blistein (button) folded before Flop (didn't bet)
Seat 2: Burlica2013 (small blind) folded before Flop
Seat 3: neild72 (big blind) folded on the River
Seat 4: MakoEv folded before Flop (didn't bet)
Seat 5: KarP93 collected ($5.22)
Seat 6: magzi777 folded before Flop (didn't bet)



PokerStars Hand #254483911661:  Hold'em No Limit ($0.50/$1.00 USD) - 2025/01/21 14:29:31 WET [2025/01/21 9:29:31 ET]
Table 'Heidelberga IV' 6-max Seat #2 is the button
Seat 1: blistein ($103.88 in chips) 
Seat 2: Burlica2013 ($118.43 in chips) 
Seat 3: neild72 ($81.77 in chips) 
Seat 4: MakoEv ($100 in chips) 
Seat 5: KarP93 ($105.72 in chips) 
Seat 6: magzi777 ($118.92 in chips) 
neild72: posts small blind $0.50
MakoEv: posts big blind $1
*** HOLE CARDS ***
KarP93: folds 
magzi777: folds 
blistein: folds 
Burlica2013: folds 
neild72: raises $2 to $3
MakoEv: folds 
Uncalled bet ($2) returned to neild72
neild72 collected $2 from pot
*** SUMMARY ***
Total pot $2 | Rake $0 
Seat 1: blistein folded before Flop (didn't bet)
Seat 2: Burlica2013 (button) folded before Flop (didn't bet)
Seat 3: neild72 (small blind) collected ($2)
Seat 4: MakoEv (big blind) folded before Flop
Seat 5: KarP93 folded before Flop (didn't bet)
Seat 6: magzi777 folded before Flop (didn't bet)



PokerStars Hand #254483914848:  Hold'em No Limit ($0.50/$1.00 USD) - 2025/01/21 14:29:49 WET [2025/01/21 9:29:49 ET]
Table 'Heidelberga IV' 6-max Seat #3 is the button
Seat 1: blistein ($103.88 in chips) 
Seat 2: Burlica2013 ($118.43 in chips) 
Seat 3: neild72 ($82.77 in chips) 
Seat 4: MakoEv ($100 in chips) 
Seat 5: KarP93 ($105.72 in chips) 
Seat 6: magzi777 ($118.92 in chips) 
MakoEv: posts small blind $0.50
KarP93: posts big blind $1
*** HOLE CARDS ***
magzi777: folds 
blistein: folds 
Burlica2013: folds 
neild72: raises $2 to $3
MakoEv: folds 
KarP93: calls $2
*** FLOP *** [Jh 7d 4d]
KarP93: checks 
neild72: bets $3
KarP93: calls $3
*** TURN *** [Jh 7d 4d] [Ac]
KarP93: checks 
neild72: bets $7
KarP93: folds 
Uncalled bet ($7) returned to neild72
neild72 collected $11.88 from pot
*** SUMMARY ***
Total pot $12.50 | Rake $0.62 
Board [Jh 7d 4d Ac]
Seat 1: blistein folded before Flop (didn't bet)
Seat 2: Burlica2013 folded before Flop (didn't bet)
Seat 3: neild72 (button) collected ($11.88)
Seat 4: MakoEv (small blind) folded before Flop
Seat 5: KarP93 (big blind) folded on the Turn
Seat 6: magzi777 folded before Flop (didn't bet)



PokerStars Hand #254483923295:  Hold'em No Limit ($0.50/$1.00 USD) - 2025/01/21 14:30:36 WET [2025/01/21 9:30:36 ET]
Table 'Heidelberga IV' 6-max Seat #4 is the button
Seat 1: blistein ($103.88 in chips) 
Seat 2: Burlica2013 ($118.43 in chips) 
Seat 3: neild72 ($88.65 in chips) 
Seat 4: MakoEv ($100 in chips) 
Seat 5: KarP93 ($100 in chips) 
Seat 6: magzi777 ($118.92 in chips) 
KarP93: posts small blind $0.50
magzi777: posts big blind $1
*** HOLE CARDS ***
blistein: folds 
Burlica2013: folds 
neild72: calls $1
MakoEv: calls $1
KarP93: folds 
magzi777: raises $5 to $6
neild72: calls $5
MakoEv: folds 
*** FLOP *** [5c 4d 5h]
magzi777: bets $4
neild72: calls $4
*** TURN *** [5c 4d 5h] [9s]
magzi777: bets $20
neild72: calls $20
*** RIVER *** [5c 4d 5h 9s] [7h]
magzi777: checks 
neild72: bets $34.50
magzi777: folds 
Uncalled bet ($34.50) returned to neild72
neild72 collected $59 from pot
*** SUMMARY ***
Total pot $61.50 | Rake $2.50 
Board [5c 4d 5h 9s 7h]
Seat 1: blistein folded before Flop (didn't bet)
Seat 2: Burlica2013 folded before Flop (didn't bet)
Seat 3: neild72 collected ($59)
Seat 4: MakoEv (button) folded before Flop
Seat 5: KarP93 (small blind) folded before Flop
Seat 6: magzi777 (big blind) folded on the River



PokerStars Hand #254483936014:  Hold'em No Limit ($0.50/$1.00 USD) - 2025/01/21 14:31:46 WET [2025/01/21 9:31:46 ET]
Table 'Heidelberga IV' 6-max Seat #5 is the button
Seat 1: blistein ($103.88 in chips) is sitting out
Seat 2: Burlica2013 ($118.43 in chips) 
Seat 3: neild72 ($117.65 in chips) 
Seat 4: MakoEv ($100 in chips) 
Seat 5: KarP93 ($100 in chips) 
Seat 6: magzi777 ($100 in chips) 
magzi777: posts small blind $0.50
Burlica2013: posts big blind $1
*** HOLE CARDS ***
neild72: calls $1
MakoEv: folds 
KarP93: folds 
magzi777: folds 
Burlica2013 has timed out
Burlica2013: checks 
*** FLOP *** [9c 5d 5c]
Burlica2013: checks 
neild72: bets $1
Burlica2013: raises $2.19 to $3.19
neild72: calls $2.19
*** TURN *** [9c 5d 5c] [As]
Burlica2013: bets $6.33
neild72: calls $6.33
*** RIVER *** [9c 5d 5c As] [6d]
Burlica2013: checks 
neild72: checks 
*** SHOW DOWN ***
Burlica2013: shows [Qc 6c] (two pair, Sixes and Fives)
neild72: shows [Ac 4d] (two pair, Aces and Fives)
neild72 collected $20.46 from pot
*** SUMMARY ***
Total pot $21.54 | Rake $1.08 
Board [9c 5d 5c As 6d]
Seat 1: blistein
Seat 2: Burlica2013 (big blind) showed [Qc 6c] and lost with two pair, Sixes and Fives
Seat 3: neild72 showed [Ac 4d] and won ($20.46) with two pair, Aces and Fives
Seat 4: MakoEv folded before Flop (didn't bet)
Seat 5: KarP93 (button) folded before Flop (didn't bet)
Seat 6: magzi777 (small blind) folded before Flop



PokerStars Hand #254483947737:  Hold'em No Limit ($0.50/$1.00 USD) - 2025/01/21 14:32:52 WET [2025/01/21 9:32:52 ET]
Table 'Heidelberga IV' 6-max Seat #6 is the button
Seat 1: blistein ($103.88 in chips) is sitting out
Seat 2: Burlica2013 ($107.91 in chips) 
Seat 3: neild72 ($127.59 in chips) 
Seat 4: MakoEv ($100 in chips) 
Seat 5: KarP93 ($100 in chips) 
Seat 6: magzi777 ($100 in chips) 
Burlica2013: posts small blind $0.50
neild72: posts big blind $1
*** HOLE CARDS ***
MakoEv: folds 
KarP93: folds 
magzi777: folds 
Burlica2013: raises $2 to $3
neild72: calls $2
*** FLOP *** [Jd 8d Qc]
Burlica2013: checks 
neild72: bets $3
Burlica2013: calls $3
*** TURN *** [Jd 8d Qc] [Td]
Burlica2013: checks 
neild72: checks 
*** RIVER *** [Jd 8d Qc Td] [7s]
Burlica2013: checks 
neild72: bets $5.70
Burlica2013: calls $5.70
*** SHOW DOWN ***
neild72: shows [Ts 9h] (a straight, Eight to Queen)
Burlica2013: mucks hand 
neild72 collected $22.23 from pot
*** SUMMARY ***
Total pot $23.40 | Rake $1.17 
Board [Jd 8d Qc Td 7s]
Seat 1: blistein
Seat 2: Burlica2013 (small blind) mucked
Seat 3: neild72 (big blind) showed [Ts 9h] and won ($22.23) with a straight, Eight to Queen
Seat 4: MakoEv folded before Flop (didn't bet)
Seat 5: KarP93 folded before Flop (didn't bet)
Seat 6: magzi777 (button) folded before Flop (didn't bet)



PokerStars Hand #254483957591:  Hold'em No Limit ($0.50/$1.00 USD) - 2025/01/21 14:33:46 WET [2025/01/21 9:33:46 ET]
Table 'Heidelberga IV' 6-max Seat #2 is the button
Seat 1: blistein ($103.88 in chips) is sitting out
Seat 2: Burlica2013 ($100 in chips) 
Seat 3: neild72 ($138.12 in chips) 
Seat 4: MakoEv ($100 in chips) 
Seat 5: KarP93 ($100 in chips) 
Seat 6: magzi777 ($100 in chips) 
neild72: posts small blind $0.50
MakoEv: posts big blind $1
blistein: sits out 
*** HOLE CARDS ***
KarP93: folds 
magzi777: raises $1.50 to $2.50
Burlica2013: calls $2.50
neild72: calls $2
MakoEv: raises $11.80 to $14.30
magzi777: folds 
Burlica2013: calls $11.80
neild72: calls $11.80
*** FLOP *** [3c Qc 9d]
neild72: checks 
MakoEv: bets $7.33
Burlica2013: raises $78.37 to $85.70 and is all-in
neild72: folds 
MakoEv: folds 
Uncalled bet ($78.37) returned to Burlica2013
Burlica2013 collected $57.56 from pot
Burlica2013: doesn't show hand 
*** SUMMARY ***
Total pot $60.06 | Rake $2.50 
Board [3c Qc 9d]
Seat 1: blistein
Seat 2: Burlica2013 (button) collected ($57.56)
Seat 3: neild72 (small blind) folded on the Flop
Seat 4: MakoEv (big blind) folded on the Flop
Seat 5: KarP93 folded before Flop (didn't bet)
Seat 6: magzi777 folded before Flop



PokerStars Hand #254483973382:  Hold'em No Limit ($0.50/$1.00 USD) - 2025/01/21 14:35:10 WET [2025/01/21 9:35:10 ET]
Table 'Heidelberga IV' 6-max Seat #3 is the button
Seat 1: blistein ($103.88 in chips) is sitting out
Seat 5: KarP93 ($100 in chips) is sitting out
Seat 2: Burlica2013 ($135.93 in chips) 
Seat 3: neild72 ($123.82 in chips) 
Seat 4: MakoEv ($100 in chips) 
Seat 6: magzi777 ($100 in chips) 
MakoEv: posts small blind $0.50
KarP93: is sitting out 
magzi777: posts big blind $1
blistein: sits out 
*** HOLE CARDS ***
Burlica2013: folds 
neild72: raises $2 to $3
MakoEv: folds 
magzi777: folds 
Uncalled bet ($2) returned to neild72
neild72 collected $2.50 from pot
*** SUMMARY ***
Total pot $2.50 | Rake $0 
Seat 1: blistein
Seat 5: KarP93
Seat 2: Burlica2013 folded before Flop (didn't bet)
Seat 3: neild72 (button) collected ($2.50)
Seat 4: MakoEv (small blind) folded before Flop
Seat 6: magzi777 (big blind) folded before Flop



PokerStars Hand #254483975900:  Hold'em No Limit ($0.50/$1.00 USD) - 2025/01/21 14:35:24 WET [2025/01/21 9:35:24 ET]
Table 'Heidelberga IV' 6-max Seat #4 is the button
Seat 3: neild72 ($125.32 in chips) is sitting out
Seat 5: KarP93 ($100 in chips) is sitting out
Seat 1: blistein ($103.88 in chips) 
Seat 2: Burlica2013 ($135.93 in chips) 
Seat 4: MakoEv ($100 in chips) 
Seat 6: magzi777 ($100 in chips) 
magzi777: posts small blind $0.50
blistein: posts big blind $1
*** HOLE CARDS ***
Burlica2013: folds 
MakoEv: folds 
magzi777: folds 
Uncalled bet ($0.50) returned to blistein
blistein collected $1 from pot
blistein: doesn't show hand 
*** SUMMARY ***
Total pot $1 | Rake $0 
Seat 3: neild72
Seat 5: KarP93
Seat 1: blistein (big blind) collected ($1)
Seat 2: Burlica2013 folded before Flop (didn't bet)
Seat 4: MakoEv (button) folded before Flop (didn't bet)
Seat 6: magzi777 (small blind) folded before Flop



PokerStars Hand #254483977625:  Hold'em No Limit ($0.50/$1.00 USD) - 2025/01/21 14:35:33 WET [2025/01/21 9:35:33 ET]
Table 'Heidelberga IV' 6-max Seat #6 is the button
Seat 3: neild72 ($125.32 in chips) is sitting out
Seat 5: KarP93 ($100 in chips) is sitting out
Seat 1: blistein ($104.38 in chips) 
Seat 2: Burlica2013 ($135.93 in chips) 
Seat 4: MakoEv ($100 in chips) 
Seat 6: magzi777 ($100 in chips) 
blistein: posts small blind $0.50
Burlica2013: posts big blind $1
*** HOLE CARDS ***
MakoEv: folds 
magzi777: folds 
blistein: folds 
Uncalled bet ($0.50) returned to Burlica2013
Burlica2013 collected $1 from pot
Burlica2013: doesn't show hand 
*** SUMMARY ***
Total pot $1 | Rake $0 
Seat 3: neild72
Seat 5: KarP93
Seat 1: blistein (small blind) folded before Flop
Seat 2: Burlica2013 (big blind) collected ($1)
Seat 4: MakoEv folded before Flop (didn't bet)
Seat 6: magzi777 (button) folded before Flop (didn't bet)



PokerStars Hand #254483979336:  Hold'em No Limit ($0.50/$1.00 USD) - 2025/01/21 14:35:42 WET [2025/01/21 9:35:42 ET]
Table 'Heidelberga IV' 6-max Seat #1 is the button
Seat 3: neild72 ($125.32 in chips) is sitting out
Seat 5: KarP93 ($100 in chips) is sitting out
Seat 1: blistein ($103.88 in chips) 
Seat 2: Burlica2013 ($136.43 in chips) 
Seat 4: MakoEv ($100 in chips) 
Seat 6: magzi777 ($100 in chips) 
Burlica2013: posts small blind $0.50
MakoEv: posts big blind $1
*** HOLE CARDS ***
magzi777: folds 
blistein: folds 
Burlica2013: folds 
Uncalled bet ($0.50) returned to MakoEv
MakoEv collected $1 from pot
MakoEv: doesn't show hand 
*** SUMMARY ***
Total pot $1 | Rake $0 
Seat 3: neild72
Seat 5: KarP93
Seat 1: blistein (button) folded before Flop (didn't bet)
Seat 2: Burlica2013 (small blind) folded before Flop
Seat 4: MakoEv (big blind) collected ($1)
Seat 6: magzi777 folded before Flop (didn't bet)



PokerStars Hand #254483980802:  Hold'em No Limit ($0.50/$1.00 USD) - 2025/01/21 14:35:50 WET [2025/01/21 9:35:50 ET]
Table 'Heidelberga IV' 6-max Seat #2 is the button
Seat 3: neild72 ($125.32 in chips) is sitting out
Seat 5: KarP93 ($100 in chips) is sitting out
Seat 1: blistein ($103.88 in chips) 
Seat 2: Burlica2013 ($135.93 in chips) 
Seat 4: MakoEv ($100.50 in chips) 
Seat 6: magzi777 ($100 in chips) 
MakoEv: posts small blind $0.50
magzi777: posts big blind $1
*** HOLE CARDS ***
blistein: folds 
neild72 is disconnected 
Burlica2013: raises $1.45 to $2.45
MakoEv: folds 
magzi777: folds 
Uncalled bet ($1.45) returned to Burlica2013
Burlica2013 collected $2.50 from pot
Burlica2013: doesn't show hand 
*** SUMMARY ***
Total pot $2.50 | Rake $0 
Seat 3: neild72
Seat 5: KarP93
Seat 1: blistein folded before Flop (didn't bet)
Seat 2: Burlica2013 (button) collected ($2.50)
Seat 4: MakoEv (small blind) folded before Flop
Seat 6: magzi777 (big blind) folded before Flop



PokerStars Hand #254483985426:  Hold'em No Limit ($0.50/$1.00 USD) - 2025/01/21 14:36:14 WET [2025/01/21 9:36:14 ET]
Table 'Heidelberga IV' 6-max Seat #4 is the button
Seat 3: neild72 ($125.32 in chips) is sitting out
Seat 5: KarP93 ($100 in chips) is sitting out
Seat 1: blistein ($103.88 in chips) 
Seat 2: Burlica2013 ($137.43 in chips) 
Seat 4: MakoEv ($100 in chips) 
Seat 6: magzi777 ($100 in chips) 
magzi777: posts small blind $0.50
blistein: posts big blind $1
*** HOLE CARDS ***
Burlica2013: folds 
MakoEv: raises $1.50 to $2.50
magzi777: folds 
blistein: folds 
Uncalled bet ($1.50) returned to MakoEv
MakoEv collected $2.50 from pot
MakoEv: doesn't show hand 
*** SUMMARY ***
Total pot $2.50 | Rake $0 
Seat 3: neild72
Seat 5: KarP93
Seat 1: blistein (big blind) folded before Flop
Seat 2: Burlica2013 folded before Flop (didn't bet)
Seat 4: MakoEv (button) collected ($2.50)
Seat 6: magzi777 (small blind) folded before Flop



PokerStars Hand #254483987914:  Hold'em No Limit ($0.50/$1.00 USD) - 2025/01/21 14:36:28 WET [2025/01/21 9:36:28 ET]
Table 'Heidelberga IV' 6-max Seat #6 is the button
Seat 3: neild72 ($125.32 in chips) is sitting out
Seat 5: KarP93 ($100 in chips) is sitting out
Seat 1: blistein ($102.88 in chips) 
Seat 2: Burlica2013 ($137.43 in chips) 
Seat 4: MakoEv ($101.50 in chips) 
Seat 6: magzi777 ($100 in chips) 
blistein: posts small blind $0.50
Burlica2013: posts big blind $1
*** HOLE CARDS ***
MakoEv: folds 
magzi777: folds 
blistein: folds 
Uncalled bet ($0.50) returned to Burlica2013
Burlica2013 collected $1 from pot
Burlica2013: doesn't show hand 
*** SUMMARY ***
Total pot $1 | Rake $0 
Seat 3: neild72
Seat 5: KarP93
Seat 1: blistein (small blind) folded before Flop
Seat 2: Burlica2013 (big blind) collected ($1)
Seat 4: MakoEv folded before Flop (didn't bet)
Seat 6: magzi777 (button) folded before Flop (didn't bet)



PokerStars Hand #254483990328:  Hold'em No Limit ($0.50/$1.00 USD) - 2025/01/21 14:36:41 WET [2025/01/21 9:36:41 ET]
Table 'Heidelberga IV' 6-max Seat #1 is the button
Seat 3: neild72 ($125.32 in chips) is sitting out
Seat 5: KarP93 ($100 in chips) is sitting out
Seat 1: blistein ($102.38 in chips) 
Seat 2: Burlica2013 ($137.93 in chips) 
Seat 4: MakoEv ($101.50 in chips) 
Seat 6: magzi777 ($100 in chips) 
Burlica2013: posts small blind $0.50
MakoEv: posts big blind $1
*** HOLE CARDS ***
magzi777: folds 
blistein: raises $1.50 to $2.50
Burlica2013: folds 
MakoEv: raises $8.50 to $11
blistein: calls $8.50
*** FLOP *** [5d Kd 5c]
MakoEv: bets $5.38
blistein: folds 
Uncalled bet ($5.38) returned to MakoEv
MakoEv collected $21.50 from pot
MakoEv: doesn't show hand 
*** SUMMARY ***
Total pot $22.50 | Rake $1 
Board [5d Kd 5c]
Seat 3: neild72
Seat 5: KarP93
Seat 1: blistein (button) folded on the Flop
Seat 2: Burlica2013 (small blind) folded before Flop
Seat 4: MakoEv (big blind) collected ($21.50)
Seat 6: magzi777 folded before Flop (didn't bet)



PokerStars Hand #254484000791:  Hold'em No Limit ($0.50/$1.00 USD) - 2025/01/21 14:37:37 WET [2025/01/21 9:37:37 ET]
Table 'Heidelberga IV' 6-max Seat #2 is the button
Seat 3: neild72 ($125.32 in chips) is sitting out
Seat 5: KarP93 ($100 in chips) is sitting out
Seat 1: blistein ($100 in chips) 
Seat 2: Burlica2013 ($137.43 in chips) 
Seat 4: MakoEv ($112 in chips) 
Seat 6: magzi777 ($100 in chips) 
MakoEv: posts small blind $0.50
magzi777: posts big blind $1
*** HOLE CARDS ***
blistein: folds 
Burlica2013: raises $1.45 to $2.45
MakoEv: folds 
magzi777: folds 
Uncalled bet ($1.45) returned to Burlica2013
Burlica2013 collected $2.50 from pot
Burlica2013: doesn't show hand 
*** SUMMARY ***
Total pot $2.50 | Rake $0 
Seat 3: neild72
Seat 5: KarP93
Seat 1: blistein folded before Flop (didn't bet)
Seat 2: Burlica2013 (button) collected ($2.50)
Seat 4: MakoEv (small blind) folded before Flop
Seat 6: magzi777 (big blind) folded before Flop



PokerStars Hand #254484004061:  Hold'em No Limit ($0.50/$1.00 USD) - 2025/01/21 14:37:55 WET [2025/01/21 9:37:55 ET]
Table 'Heidelberga IV' 6-max Seat #4 is the button
Seat 3: neild72 ($125.32 in chips) is sitting out
Seat 5: KarP93 ($100 in chips) is sitting out
Seat 1: blistein ($100 in chips) 
Seat 2: Burlica2013 ($138.93 in chips) 
Seat 4: MakoEv ($111.50 in chips) 
Seat 6: magzi777 ($100 in chips) 
magzi777: posts small blind $0.50
blistein: posts big blind $1
*** HOLE CARDS ***
Burlica2013: folds 
MakoEv: folds 
magzi777: folds 
Uncalled bet ($0.50) returned to blistein
blistein collected $1 from pot
blistein: doesn't show hand 
*** SUMMARY ***
Total pot $1 | Rake $0 
Seat 3: neild72
Seat 5: KarP93
Seat 1: blistein (big blind) collected ($1)
Seat 2: Burlica2013 folded before Flop (didn't bet)
Seat 4: MakoEv (button) folded before Flop (didn't bet)
Seat 6: magzi777 (small blind) folded before Flop



PokerStars Hand #254484007166:  Hold'em No Limit ($0.50/$1.00 USD) - 2025/01/21 14:38:11 WET [2025/01/21 9:38:11 ET]
Table 'Heidelberga IV' 6-max Seat #6 is the button
Seat 3: neild72 ($125.32 in chips) is sitting out
Seat 5: KarP93 ($100 in chips) is sitting out
Seat 1: blistein ($100.50 in chips) 
Seat 2: Burlica2013 ($138.93 in chips) 
Seat 4: MakoEv ($111.50 in chips) 
Seat 6: magzi777 ($100 in chips) 
blistein: posts small blind $0.50
Burlica2013: posts big blind $1
*** HOLE CARDS ***
MakoEv: folds 
magzi777: folds 
blistein: folds 
Uncalled bet ($0.50) returned to Burlica2013
Burlica2013 collected $1 from pot
Burlica2013: doesn't show hand 
*** SUMMARY ***
Total pot $1 | Rake $0 
Seat 3: neild72
Seat 5: KarP93
Seat 1: blistein (small blind) folded before Flop
Seat 2: Burlica2013 (big blind) collected ($1)
Seat 4: MakoEv folded before Flop (didn't bet)
Seat 6: magzi777 (button) folded before Flop (didn't bet)



PokerStars Hand #254484008706:  Hold'em No Limit ($0.50/$1.00 USD) - 2025/01/21 14:38:20 WET [2025/01/21 9:38:20 ET]
Table 'Heidelberga IV' 6-max Seat #1 is the button
Seat 3: neild72 ($125.32 in chips) is sitting out
Seat 5: KarP93 ($100 in chips) is sitting out
Seat 1: blistein ($100 in chips) 
Seat 2: Burlica2013 ($139.43 in chips) 
Seat 4: MakoEv ($111.50 in chips) 
Seat 6: magzi777 ($100 in chips) 
Burlica2013: posts small blind $0.50
MakoEv: posts big blind $1
*** HOLE CARDS ***
magzi777: folds 
blistein: folds 
Burlica2013: calls $0.50
MakoEv: checks 
*** FLOP *** [7c 3d Js]
Burlica2013: checks 
MakoEv: bets $1
Burlica2013: calls $1
*** TURN *** [7c 3d Js] [7s]
Burlica2013: checks 
MakoEv: bets $1.15
Burlica2013: folds 
Uncalled bet ($1.15) returned to MakoEv
MakoEv collected $3.80 from pot
MakoEv: doesn't show hand 
*** SUMMARY ***
Total pot $4 | Rake $0.20 
Board [7c 3d Js 7s]
Seat 3: neild72
Seat 5: KarP93
Seat 1: blistein (button) folded before Flop (didn't bet)
Seat 2: Burlica2013 (small blind) folded on the Turn
Seat 4: MakoEv (big blind) collected ($3.80)
Seat 6: magzi777 folded before Flop (didn't bet)



PokerStars Hand #254484023915:  Hold'em No Limit ($0.50/$1.00 USD) - 2025/01/21 14:39:41 WET [2025/01/21 9:39:41 ET]
Table 'Heidelberga IV' 6-max Seat #2 is the button
Seat 3: neild72 ($125.32 in chips) is sitting out
Seat 5: KarP93 ($100 in chips) is sitting out
Seat 1: blistein ($100 in chips) 
Seat 2: Burlica2013 ($137.43 in chips) 
Seat 4: MakoEv ($113.30 in chips) 
Seat 6: magzi777 ($100 in chips) 
MakoEv: posts small blind $0.50
magzi777: posts big blind $1
*** HOLE CARDS ***
blistein: folds 
Burlica2013: folds 
MakoEv: raises $2 to $3
magzi777: folds 
Uncalled bet ($2) returned to MakoEv
MakoEv collected $2 from pot
KarP93 leaves the table
MakoEv: doesn't show hand 
*** SUMMARY ***
Total pot $2 | Rake $0 
Seat 3: neild72
Seat 5: KarP93
Seat 1: blistein folded before Flop (didn't bet)
Seat 2: Burlica2013 (button) folded before Flop (didn't bet)
Seat 4: MakoEv (small blind) collected ($2)
Seat 6: magzi777 (big blind) folded before Flop



PokerStars Hand #254484027485:  Hold'em No Limit ($0.50/$1.00 USD) - 2025/01/21 14:40:00 WET [2025/01/21 9:40:00 ET]
Table 'Heidelberga IV' 6-max Seat #4 is the button
Seat 3: neild72 ($125.32 in chips) is sitting out
Seat 1: blistein ($100 in chips) 
Seat 2: Burlica2013 ($137.43 in chips) 
Seat 4: MakoEv ($114.30 in chips) 
Seat 6: magzi777 ($100 in chips) 
magzi777: posts small blind $0.50
blistein: posts big blind $1
*** HOLE CARDS ***
Burlica2013: folds 
MakoEv: raises $1.50 to $2.50
magzi777: folds 
blistein: calls $1.50
*** FLOP *** [2s Jc 5d]
blistein: checks 
MakoEv: checks 
*** TURN *** [2s Jc 5d] [Ks]
PhoenixAssassin joins the table at seat #5 
blistein: checks 
MakoEv: checks 
*** RIVER *** [2s Jc 5d Ks] [7c]
blistein: checks 
MakoEv: checks 
*** SHOW DOWN ***
blistein: shows [9s As] (high card Ace)
MakoEv: shows [Ah 9c] (high card Ace)
blistein collected $2.61 from pot
MakoEv collected $2.61 from pot
*** SUMMARY ***
Total pot $5.50 | Rake $0.28 
Board [2s Jc 5d Ks 7c]
Seat 3: neild72
Seat 1: blistein (big blind) showed [9s As] and won ($2.61) with high card Ace
Seat 2: Burlica2013 folded before Flop (didn't bet)
Seat 4: MakoEv (button) showed [Ah 9c] and won ($2.61) with high card Ace
Seat 6: magzi777 (small blind) folded before Flop



PokerStars Hand #254484041025:  Hold'em No Limit ($0.50/$1.00 USD) - 2025/01/21 14:41:12 WET [2025/01/21 9:41:12 ET]
Table 'Heidelberga IV' 6-max Seat #6 is the button
Seat 3: neild72 ($125.32 in chips) is sitting out
Seat 5: PhoenixAssassin ($100 in chips) is sitting out
Seat 1: blistein ($100.11 in chips) 
Seat 2: Burlica2013 ($137.43 in chips) 
Seat 4: MakoEv ($114.41 in chips) 
Seat 6: magzi777 ($100 in chips) 
blistein: posts small blind $0.50
Burlica2013: posts big blind $1
neild72: sits out 
PhoenixAssassin: sits out 
*** HOLE CARDS ***
MakoEv: folds 
magzi777: folds 
blistein: folds 
Uncalled bet ($0.50) returned to Burlica2013
Burlica2013 collected $1 from pot
Burlica2013: doesn't show hand 
*** SUMMARY ***
Total pot $1 | Rake $0 
Seat 3: neild72
Seat 5: PhoenixAssassin
Seat 1: blistein (small blind) folded before Flop
Seat 2: Burlica2013 (big blind) collected ($1)
Seat 4: MakoEv folded before Flop (didn't bet)
Seat 6: magzi777 (button) folded before Flop (didn't bet)



PokerStars Hand #254484043157:  Hold'em No Limit ($0.50/$1.00 USD) - 2025/01/21 14:41:24 WET [2025/01/21 9:41:24 ET]
Table 'Heidelberga IV' 6-max Seat #1 is the button
Seat 5: PhoenixAssassin ($100 in chips) is sitting out
Seat 1: blistein ($100 in chips) 
Seat 2: Burlica2013 ($137.93 in chips) 
Seat 3: neild72 ($125.32 in chips) 
Seat 4: MakoEv ($114.41 in chips) 
Seat 6: magzi777 ($100 in chips) 
Burlica2013: posts small blind $0.50
neild72: posts big blind $1
PhoenixAssassin: sits out 
*** HOLE CARDS ***
MakoEv: folds 
magzi777: folds 
blistein: raises $1.50 to $2.50
Burlica2013: folds 
neild72: folds 
Uncalled bet ($1.50) returned to blistein
blistein collected $2.50 from pot
blistein: doesn't show hand 
*** SUMMARY ***
Total pot $2.50 | Rake $0 
Seat 5: PhoenixAssassin
Seat 1: blistein (button) collected ($2.50)
Seat 2: Burlica2013 (small blind) folded before Flop
Seat 3: neild72 (big blind) folded before Flop
Seat 4: MakoEv folded before Flop (didn't bet)
Seat 6: magzi777 folded before Flop (didn't bet)



PokerStars Hand #254484048775:  Hold'em No Limit ($0.50/$1.00 USD) - 2025/01/21 14:41:53 WET [2025/01/21 9:41:53 ET]
Table 'Heidelberga IV' 6-max Seat #2 is the button
Seat 5: PhoenixAssassin ($100 in chips) is sitting out
Seat 1: blistein ($101.50 in chips) 
Seat 2: Burlica2013 ($137.43 in chips) 
Seat 3: neild72 ($124.32 in chips) 
Seat 4: MakoEv ($114.41 in chips) 
Seat 6: magzi777 ($100 in chips) 
neild72: posts small blind $0.50
MakoEv: posts big blind $1
PhoenixAssassin: sits out 
*** HOLE CARDS ***
magzi777: folds 
blistein: raises $1.30 to $2.30
Burlica2013: folds 
neild72: folds 
MakoEv: folds 
Uncalled bet ($1.30) returned to blistein
blistein collected $2.50 from pot
blistein: doesn't show hand 
*** SUMMARY ***
Total pot $2.50 | Rake $0 
Seat 5: PhoenixAssassin
Seat 1: blistein collected ($2.50)
Seat 2: Burlica2013 (button) folded before Flop (didn't bet)
Seat 3: neild72 (small blind) folded before Flop
Seat 4: MakoEv (big blind) folded before Flop
Seat 6: magzi777 folded before Flop (didn't bet)



PokerStars Hand #254484051874:  Hold'em No Limit ($0.50/$1.00 USD) - 2025/01/21 14:42:10 WET [2025/01/21 9:42:10 ET]
Table 'Heidelberga IV' 6-max Seat #3 is the button
Seat 1: blistein ($103 in chips) 
Seat 2: Burlica2013 ($137.43 in chips) 
Seat 3: neild72 ($123.82 in chips) 
Seat 4: MakoEv ($113.41 in chips) 
Seat 5: PhoenixAssassin ($100 in chips) 
Seat 6: magzi777 ($100 in chips) 
MakoEv: posts small blind $0.50
PhoenixAssassin: posts big blind $1
*** HOLE CARDS ***
magzi777: raises $1.50 to $2.50
blistein: folds 
Burlica2013: folds 
neild72: calls $2.50
MakoEv: folds 
PhoenixAssassin: folds 
*** FLOP *** [5s 6s 6d]
magzi777: bets $4.64
neild72: folds 
Uncalled bet ($4.64) returned to magzi777
magzi777 collected $6.18 from pot
*** SUMMARY ***
Total pot $6.50 | Rake $0.32 
Board [5s 6s 6d]
Seat 1: blistein folded before Flop (didn't bet)
Seat 2: Burlica2013 folded before Flop (didn't bet)
Seat 3: neild72 (button) folded on the Flop
Seat 4: MakoEv (small blind) folded before Flop
Seat 5: PhoenixAssassin (big blind) folded before Flop
Seat 6: magzi777 collected ($6.18)



PokerStars Hand #254484060608:  Hold'em No Limit ($0.50/$1.00 USD) - 2025/01/21 14:42:57 WET [2025/01/21 9:42:57 ET]
Table 'Heidelberga IV' 6-max Seat #4 is the button
Seat 1: blistein ($103 in chips) 
Seat 2: Burlica2013 ($137.43 in chips) 
Seat 3: neild72 ($121.32 in chips) 
Seat 4: MakoEv ($112.91 in chips) 
Seat 5: PhoenixAssassin ($100 in chips) 
Seat 6: magzi777 ($103.68 in chips) 
PhoenixAssassin: posts small blind $0.50
magzi777: posts big blind $1
*** HOLE CARDS ***
blistein: folds 
Burlica2013: folds 
neild72: calls $1
MakoEv: folds 
PhoenixAssassin: calls $0.50
magzi777: checks 
*** FLOP *** [Th Jc 5d]
PhoenixAssassin: bets $1.88
magzi777: folds 
neild72: calls $1.88
*** TURN *** [Th Jc 5d] [Jh]
PhoenixAssassin: checks 
neild72: bets $4.21
PhoenixAssassin: folds 
Uncalled bet ($4.21) returned to neild72
neild72 collected $6.42 from pot
*** SUMMARY ***
Total pot $6.76 | Rake $0.34 
Board [Th Jc 5d Jh]
Seat 1: blistein folded before Flop (didn't bet)
Seat 2: Burlica2013 folded before Flop (didn't bet)
Seat 3: neild72 collected ($6.42)
Seat 4: MakoEv (button) folded before Flop (didn't bet)
Seat 5: PhoenixAssassin (small blind) folded on the Turn
Seat 6: magzi777 (big blind) folded on the Flop



PokerStars Hand #254484069829:  Hold'em No Limit ($0.50/$1.00 USD) - 2025/01/21 14:43:46 WET [2025/01/21 9:43:46 ET]
Table 'Heidelberga IV' 6-max Seat #5 is the button
Seat 1: blistein ($103 in chips) 
Seat 2: Burlica2013 ($137.43 in chips) 
Seat 3: neild72 ($124.86 in chips) 
Seat 4: MakoEv ($112.91 in chips) 
Seat 5: PhoenixAssassin ($100 in chips) 
Seat 6: magzi777 ($102.68 in chips) 
magzi777: posts small blind $0.50
blistein: posts big blind $1
*** HOLE CARDS ***
Burlica2013: raises $1.20 to $2.20
neild72: raises $4.20 to $6.40
MakoEv: folds 
PhoenixAssassin: folds 
magzi777: folds 
blistein: folds 
Burlica2013: calls $4.20
*** FLOP *** [2s 8h Th]
Burlica2013: checks 
neild72: checks 
*** TURN *** [2s 8h Th] [9c]
Burlica2013: bets $6.79
neild72: calls $6.79
*** RIVER *** [2s 8h Th 9c] [7h]
Burlica2013: checks 
neild72: checks 
*** SHOW DOWN ***
Burlica2013: shows [As Jh] (a straight, Seven to Jack)
neild72: mucks hand 
Burlica2013 collected $26.49 from pot
*** SUMMARY ***
Total pot $27.88 | Rake $1.39 
Board [2s 8h Th 9c 7h]
Seat 1: blistein (big blind) folded before Flop
Seat 2: Burlica2013 showed [As Jh] and won ($26.49) with a straight, Seven to Jack
Seat 3: neild72 mucked
Seat 4: MakoEv folded before Flop (didn't bet)
Seat 5: PhoenixAssassin (button) folded before Flop (didn't bet)
Seat 6: magzi777 (small blind) folded before Flop



PokerStars Hand #254484077613:  Hold'em No Limit ($0.50/$1.00 USD) - 2025/01/21 14:44:28 WET [2025/01/21 9:44:28 ET]
Table 'Heidelberga IV' 6-max Seat #6 is the button
Seat 1: blistein ($102 in chips) 
Seat 2: Burlica2013 ($150.73 in chips) 
Seat 3: neild72 ($111.67 in chips) 
Seat 4: MakoEv ($112.91 in chips) 
Seat 5: PhoenixAssassin ($100 in chips) 
Seat 6: magzi777 ($102.18 in chips) 
blistein: posts small blind $0.50
Burlica2013: posts big blind $1
*** HOLE CARDS ***
neild72: calls $1
MakoEv: folds 
PhoenixAssassin: folds 
magzi777: folds 
blistein: folds 
Burlica2013: checks 
*** FLOP *** [Th 5d 8h]
Burlica2013: checks 
neild72: checks 
*** TURN *** [Th 5d 8h] [Ad]
Burlica2013: bets $1.19
neild72: folds 
Uncalled bet ($1.19) returned to Burlica2013
Burlica2013 collected $2.38 from pot
Burlica2013: doesn't show hand 
*** SUMMARY ***
Total pot $2.50 | Rake $0.12 
Board [Th 5d 8h Ad]
Seat 1: blistein (small blind) folded before Flop
Seat 2: Burlica2013 (big blind) collected ($2.38)
Seat 3: neild72 folded on the Turn
Seat 4: MakoEv folded before Flop (didn't bet)
Seat 5: PhoenixAssassin folded before Flop (didn't bet)
Seat 6: magzi777 (button) folded before Flop (didn't bet)



PokerStars Hand #254484085960:  Hold'em No Limit ($0.50/$1.00 USD) - 2025/01/21 14:45:11 WET [2025/01/21 9:45:11 ET]
Table 'Heidelberga IV' 6-max Seat #1 is the button
Seat 1: blistein ($101.50 in chips) 
Seat 2: Burlica2013 ($152.11 in chips) 
Seat 3: neild72 ($110.67 in chips) 
Seat 4: MakoEv ($112.91 in chips) 
Seat 5: PhoenixAssassin ($100 in chips) 
Seat 6: magzi777 ($102.18 in chips) 
Burlica2013: posts small blind $0.50
neild72: posts big blind $1
*** HOLE CARDS ***
MakoEv: folds 
PhoenixAssassin: folds 
magzi777: raises $1.50 to $2.50
blistein: folds 
Burlica2013: folds 
neild72: folds 
Uncalled bet ($1.50) returned to magzi777
magzi777 collected $2.50 from pot
*** SUMMARY ***
Total pot $2.50 | Rake $0 
Seat 1: blistein (button) folded before Flop (didn't bet)
Seat 2: Burlica2013 (small blind) folded before Flop
Seat 3: neild72 (big blind) folded before Flop
Seat 4: MakoEv folded before Flop (didn't bet)
Seat 5: PhoenixAssassin folded before Flop (didn't bet)
Seat 6: magzi777 collected ($2.50)



PokerStars Hand #254484088277:  Hold'em No Limit ($0.50/$1.00 USD) - 2025/01/21 14:45:23 WET [2025/01/21 9:45:23 ET]
Table 'Heidelberga IV' 6-max Seat #2 is the button
Seat 1: blistein ($101.50 in chips) 
Seat 2: Burlica2013 ($151.61 in chips) 
Seat 3: neild72 ($109.67 in chips) 
Seat 4: MakoEv ($112.91 in chips) 
Seat 5: PhoenixAssassin ($100 in chips) 
Seat 6: magzi777 ($103.68 in chips) 
neild72: posts small blind $0.50
MakoEv: posts big blind $1
*** HOLE CARDS ***
PhoenixAssassin: folds 
magzi777: raises $1.50 to $2.50
blistein: raises $4.50 to $7
Burlica2013: folds 
neild72: folds 
MakoEv: folds 
magzi777: calls $4.50
*** FLOP *** [4c 3d 8h]
magzi777: checks 
blistein: checks 
*** TURN *** [4c 3d 8h] [Qd]
magzi777: checks 
blistein: checks 
*** RIVER *** [4c 3d 8h Qd] [5d]
magzi777: checks 
blistein: checks 
*** SHOW DOWN ***
magzi777: shows [Tc Ac] (high card Ace)
blistein: shows [As 3s] (a pair of Threes)
blistein collected $14.72 from pot
*** SUMMARY ***
Total pot $15.50 | Rake $0.78 
Board [4c 3d 8h Qd 5d]
Seat 1: blistein showed [As 3s] and won ($14.72) with a pair of Threes
Seat 2: Burlica2013 (button) folded before Flop (didn't bet)
Seat 3: neild72 (small blind) folded before Flop
Seat 4: MakoEv (big blind) folded before Flop
Seat 5: PhoenixAssassin folded before Flop (didn't bet)
Seat 6: magzi777 showed [Tc Ac] and lost with high card Ace



PokerStars Hand #254484104729:  Hold'em No Limit ($0.50/$1.00 USD) - 2025/01/21 14:46:50 WET [2025/01/21 9:46:50 ET]
Table 'Heidelberga IV' 6-max Seat #3 is the button
Seat 1: blistein ($109.22 in chips) 
Seat 2: Burlica2013 ($151.61 in chips) 
Seat 3: neild72 ($109.17 in chips) 
Seat 4: MakoEv ($111.91 in chips) 
Seat 5: PhoenixAssassin ($100 in chips) 
Seat 6: magzi777 ($100 in chips) 
MakoEv: posts small blind $0.50
PhoenixAssassin: posts big blind $1
*** HOLE CARDS ***
magzi777: raises $1.50 to $2.50
blistein: folds 
Burlica2013: folds 
neild72: raises $3.50 to $6
MakoEv: folds 
PhoenixAssassin: folds 
magzi777: calls $3.50
*** FLOP *** [2s Ah Kc]
magzi777: checks 
neild72: bets $8.41
magzi777: folds 
Uncalled bet ($8.41) returned to neild72
neild72 collected $12.82 from pot
*** SUMMARY ***
Total pot $13.50 | Rake $0.68 
Board [2s Ah Kc]
Seat 1: blistein folded before Flop (didn't bet)
Seat 2: Burlica2013 folded before Flop (didn't bet)
Seat 3: neild72 (button) collected ($12.82)
Seat 4: MakoEv (small blind) folded before Flop
Seat 5: PhoenixAssassin (big blind) folded before Flop
Seat 6: magzi777 folded on the Flop



PokerStars Hand #254484113412:  Hold'em No Limit ($0.50/$1.00 USD) - 2025/01/21 14:47:36 WET [2025/01/21 9:47:36 ET]
Table 'Heidelberga IV' 6-max Seat #4 is the button
Seat 1: blistein ($109.22 in chips) 
Seat 2: Burlica2013 ($151.61 in chips) 
Seat 3: neild72 ($115.99 in chips) 
Seat 4: MakoEv ($111.41 in chips) 
Seat 5: PhoenixAssassin ($100 in chips) 
Seat 6: magzi777 ($100 in chips) 
PhoenixAssassin: posts small blind $0.50
magzi777: posts big blind $1
*** HOLE CARDS ***
blistein: folds 
Burlica2013: folds 
neild72: folds 
MakoEv: folds 
PhoenixAssassin: raises $2 to $3
magzi777: calls $2
*** FLOP *** [3s Jh 6d]
PhoenixAssassin: bets $1.88
magzi777: folds 
Uncalled bet ($1.88) returned to PhoenixAssassin
PhoenixAssassin collected $5.70 from pot
PhoenixAssassin: doesn't show hand 
*** SUMMARY ***
Total pot $6 | Rake $0.30 
Board [3s Jh 6d]
Seat 1: blistein folded before Flop (didn't bet)
Seat 2: Burlica2013 folded before Flop (didn't bet)
Seat 3: neild72 folded before Flop (didn't bet)
Seat 4: MakoEv (button) folded before Flop (didn't bet)
Seat 5: PhoenixAssassin (small blind) collected ($5.70)
Seat 6: magzi777 (big blind) folded on the Flop



PokerStars Hand #254484117973:  Hold'em No Limit ($0.50/$1.00 USD) - 2025/01/21 14:48:01 WET [2025/01/21 9:48:01 ET]
Table 'Heidelberga IV' 6-max Seat #5 is the button
Seat 1: blistein ($109.22 in chips) 
Seat 2: Burlica2013 ($151.61 in chips) 
Seat 3: neild72 ($115.99 in chips) 
Seat 4: MakoEv ($111.41 in chips) 
Seat 5: PhoenixAssassin ($102.70 in chips) 
Seat 6: magzi777 ($100 in chips) 
magzi777: posts small blind $0.50
blistein: posts big blind $1
*** HOLE CARDS ***
Burlica2013: raises $1.20 to $2.20
neild72: calls $2.20
MakoEv: folds 
PhoenixAssassin: folds 
magzi777: folds 
blistein: calls $1.20
*** FLOP *** [Qs 8d 6d]
blistein: checks 
Burlica2013: checks 
neild72: bets $6.74
blistein: folds 
Burlica2013: calls $6.74
*** TURN *** [Qs 8d 6d] [4h]
Burlica2013: checks 
neild72: bets $12.78
Burlica2013: calls $12.78
*** RIVER *** [Qs 8d 6d 4h] [Ks]
Burlica2013: checks 
neild72: bets $28.92
Burlica2013: calls $28.92
*** SHOW DOWN ***
neild72: shows [5s 2s] (high card King)
Burlica2013: shows [Qh As] (a pair of Queens)
Burlica2013 collected $101.48 from pot
*** SUMMARY ***
Total pot $103.98 | Rake $2.50 
Board [Qs 8d 6d 4h Ks]
Seat 1: blistein (big blind) folded on the Flop
Seat 2: Burlica2013 showed [Qh As] and won ($101.48) with a pair of Queens
Seat 3: neild72 showed [5s 2s] and lost with high card King
Seat 4: MakoEv folded before Flop (didn't bet)
Seat 5: PhoenixAssassin (button) folded before Flop (didn't bet)
Seat 6: magzi777 (small blind) folded before Flop



PokerStars Hand #254484131029:  Hold'em No Limit ($0.50/$1.00 USD) - 2025/01/21 14:49:10 WET [2025/01/21 9:49:10 ET]
Table 'Heidelberga IV' 6-max Seat #6 is the button
Seat 1: blistein ($107.02 in chips) 
Seat 2: Burlica2013 ($202.45 in chips) 
Seat 3: neild72 ($65.35 in chips) 
Seat 4: MakoEv ($111.41 in chips) 
Seat 5: PhoenixAssassin ($102.70 in chips) 
Seat 6: magzi777 ($100 in chips) 
blistein: posts small blind $0.50
Burlica2013: posts big blind $1
*** HOLE CARDS ***
neild72: calls $1
MakoEv: folds 
PhoenixAssassin: folds 
magzi777: folds 
blistein: folds 
Burlica2013: checks 
*** FLOP *** [3c Jd Qc]
Burlica2013: checks 
neild72: bets $2
Burlica2013: folds 
Uncalled bet ($2) returned to neild72
neild72 collected $2.38 from pot
*** SUMMARY ***
Total pot $2.50 | Rake $0.12 
Board [3c Jd Qc]
Seat 1: blistein (small blind) folded before Flop
Seat 2: Burlica2013 (big blind) folded on the Flop
Seat 3: neild72 collected ($2.38)
Seat 4: MakoEv folded before Flop (didn't bet)
Seat 5: PhoenixAssassin folded before Flop (didn't bet)
Seat 6: magzi777 (button) folded before Flop (didn't bet)



PokerStars Hand #254484135088:  Hold'em No Limit ($0.50/$1.00 USD) - 2025/01/21 14:49:31 WET [2025/01/21 9:49:31 ET]
Table 'Heidelberga IV' 6-max Seat #1 is the button
Seat 1: blistein ($106.52 in chips) 
Seat 2: Burlica2013 ($201.45 in chips) 
Seat 3: neild72 ($66.73 in chips) 
Seat 4: MakoEv ($111.41 in chips) 
Seat 5: PhoenixAssassin ($102.70 in chips) 
Seat 6: magzi777 ($100 in chips) 
Burlica2013: posts small blind $0.50
neild72: posts big blind $1
*** HOLE CARDS ***
MakoEv: folds 
PhoenixAssassin: folds 
magzi777: raises $1.50 to $2.50
blistein: folds 
Burlica2013: folds 
neild72: calls $1.50
*** FLOP *** [Qh 8s 3s]
neild72: checks 
magzi777: bets $2.61
neild72: folds 
Uncalled bet ($2.61) returned to magzi777
magzi777 collected $5.22 from pot
*** SUMMARY ***
Total pot $5.50 | Rake $0.28 
Board [Qh 8s 3s]
Seat 1: blistein (button) folded before Flop (didn't bet)
Seat 2: Burlica2013 (small blind) folded before Flop
Seat 3: neild72 (big blind) folded on the Flop
Seat 4: MakoEv folded before Flop (didn't bet)
Seat 5: PhoenixAssassin folded before Flop (didn't bet)
Seat 6: magzi777 collected ($5.22)



PokerStars Hand #254484138334:  Hold'em No Limit ($0.50/$1.00 USD) - 2025/01/21 14:49:49 WET [2025/01/21 9:49:49 ET]
Table 'Heidelberga IV' 6-max Seat #2 is the button
Seat 1: blistein ($106.52 in chips) 
Seat 2: Burlica2013 ($200.95 in chips) 
Seat 3: neild72 ($64.23 in chips) 
Seat 4: MakoEv ($111.41 in chips) 
Seat 5: PhoenixAssassin ($102.70 in chips) 
Seat 6: magzi777 ($102.72 in chips) 
neild72: posts small blind $0.50
MakoEv: posts big blind $1
*** HOLE CARDS ***
PhoenixAssassin: folds 
magzi777: folds 
blistein: folds 
Burlica2013: folds 
neild72: calls $0.50
MakoEv: checks 
*** FLOP *** [9c 8d 8h]
neild72: checks 
MakoEv: checks 
*** TURN *** [9c 8d 8h] [6h]
neild72: checks 
MakoEv: checks 
*** RIVER *** [9c 8d 8h 6h] [5h]
neild72: bets $1
MakoEv: calls $1
*** SHOW DOWN ***
neild72: shows [5d Kd] (two pair, Eights and Fives)
MakoEv: mucks hand 
neild72 collected $3.80 from pot
*** SUMMARY ***
Total pot $4 | Rake $0.20 
Board [9c 8d 8h 6h 5h]
Seat 1: blistein folded before Flop (didn't bet)
Seat 2: Burlica2013 (button) folded before Flop (didn't bet)
Seat 3: neild72 (small blind) showed [5d Kd] and won ($3.80) with two pair, Eights and Fives
Seat 4: MakoEv (big blind) mucked
Seat 5: PhoenixAssassin folded before Flop (didn't bet)
Seat 6: magzi777 folded before Flop (didn't bet)



PokerStars Hand #254484142479:  Hold'em No Limit ($0.50/$1.00 USD) - 2025/01/21 14:50:10 WET [2025/01/21 9:50:10 ET]
Table 'Heidelberga IV' 6-max Seat #3 is the button
Seat 1: blistein ($106.52 in chips) 
Seat 2: Burlica2013 ($200.95 in chips) 
Seat 3: neild72 ($66.03 in chips) 
Seat 4: MakoEv ($109.41 in chips) 
Seat 5: PhoenixAssassin ($102.70 in chips) 
Seat 6: magzi777 ($102.72 in chips) 
MakoEv: posts small blind $0.50
PhoenixAssassin: posts big blind $1
*** HOLE CARDS ***
magzi777: raises $1.50 to $2.50
blistein: folds 
Burlica2013: folds 
neild72: folds 
MakoEv: folds 
PhoenixAssassin: folds 
Uncalled bet ($1.50) returned to magzi777
magzi777 collected $2.50 from pot
*** SUMMARY ***
Total pot $2.50 | Rake $0 
Seat 1: blistein folded before Flop (didn't bet)
Seat 2: Burlica2013 folded before Flop (didn't bet)
Seat 3: neild72 (button) folded before Flop (didn't bet)
Seat 4: MakoEv (small blind) folded before Flop
Seat 5: PhoenixAssassin (big blind) folded before Flop
Seat 6: magzi777 collected ($2.50)



PokerStars Hand #254484145103:  Hold'em No Limit ($0.50/$1.00 USD) - 2025/01/21 14:50:24 WET [2025/01/21 9:50:24 ET]
Table 'Heidelberga IV' 6-max Seat #4 is the button
Seat 1: blistein ($106.52 in chips) 
Seat 2: Burlica2013 ($200.95 in chips) 
Seat 3: neild72 ($66.03 in chips) 
Seat 4: MakoEv ($108.91 in chips) 
Seat 5: PhoenixAssassin ($101.70 in chips) 
Seat 6: magzi777 ($104.22 in chips) 
PhoenixAssassin: posts small blind $0.50
magzi777: posts big blind $1
*** HOLE CARDS ***
blistein: folds 
Burlica2013: raises $1.20 to $2.20
neild72: calls $2.20
MakoEv: folds 
PhoenixAssassin: folds 
magzi777: raises $11.30 to $13.50
Burlica2013: folds 
neild72: calls $11.30
*** FLOP *** [4d Th Kd]
magzi777: checks 
neild72: checks 
*** TURN *** [4d Th Kd] [8h]
magzi777: checks 
neild72: checks 
*** RIVER *** [4d Th Kd 8h] [3c]
magzi777: bets $56.44
neild72: folds 
Uncalled bet ($56.44) returned to magzi777
magzi777 collected $28.22 from pot
*** SUMMARY ***
Total pot $29.70 | Rake $1.48 
Board [4d Th Kd 8h 3c]
Seat 1: blistein folded before Flop (didn't bet)
Seat 2: Burlica2013 folded before Flop
Seat 3: neild72 folded on the River
Seat 4: MakoEv (button) folded before Flop (didn't bet)
Seat 5: PhoenixAssassin (small blind) folded before Flop
Seat 6: magzi777 (big blind) collected ($28.22)



PokerStars Hand #254484162405:  Hold'em No Limit ($0.50/$1.00 USD) - 2025/01/21 14:51:56 WET [2025/01/21 9:51:56 ET]
Table 'Heidelberga IV' 6-max Seat #5 is the button
Seat 1: blistein ($106.52 in chips) 
Seat 2: Burlica2013 ($198.75 in chips) 
Seat 3: neild72 ($52.53 in chips) 
Seat 4: MakoEv ($108.91 in chips) 
Seat 5: PhoenixAssassin ($101.20 in chips) 
Seat 6: magzi777 ($118.94 in chips) 
magzi777: posts small blind $0.50
blistein: posts big blind $1
*** HOLE CARDS ***
Burlica2013: folds 
neild72: folds 
MakoEv: folds 
PhoenixAssassin: folds 
magzi777: raises $2 to $3
blistein: calls $2
*** FLOP *** [8h Kh 4h]
magzi777: checks 
blistein: checks 
*** TURN *** [8h Kh 4h] [Qd]
magzi777: checks 
blistein: bets $4.28
magzi777: calls $4.28
*** RIVER *** [8h Kh 4h Qd] [3h]
magzi777: checks 
blistein: checks 
*** SHOW DOWN ***
magzi777: shows [Tc Qs] (a pair of Queens)
blistein: shows [Ks 9s] (a pair of Kings)
blistein collected $13.83 from pot
*** SUMMARY ***
Total pot $14.56 | Rake $0.73 
Board [8h Kh 4h Qd 3h]
Seat 1: blistein (big blind) showed [Ks 9s] and won ($13.83) with a pair of Kings
Seat 2: Burlica2013 folded before Flop (didn't bet)
Seat 3: neild72 folded before Flop (didn't bet)
Seat 4: MakoEv folded before Flop (didn't bet)
Seat 5: PhoenixAssassin (button) folded before Flop (didn't bet)
Seat 6: magzi777 (small blind) showed [Tc Qs] and lost with a pair of Queens



PokerStars Hand #254484175523:  Hold'em No Limit ($0.50/$1.00 USD) - 2025/01/21 14:53:05 WET [2025/01/21 9:53:05 ET]
Table 'Heidelberga IV' 6-max Seat #6 is the button
Seat 1: blistein ($113.07 in chips) 
Seat 2: Burlica2013 ($198.75 in chips) 
Seat 3: neild72 ($52.53 in chips) 
Seat 4: MakoEv ($108.91 in chips) 
Seat 5: PhoenixAssassin ($101.20 in chips) 
Seat 6: magzi777 ($111.66 in chips) 
blistein: posts small blind $0.50
Burlica2013: posts big blind $1
*** HOLE CARDS ***
neild72: raises $2 to $3
MakoEv: folds 
PhoenixAssassin: folds 
magzi777: calls $3
blistein: folds 
Burlica2013: folds 
*** FLOP *** [8d 9d Jc]
neild72: checks 
magzi777: bets $4.70
neild72: calls $4.70
*** TURN *** [8d 9d Jc] [5s]
neild72: checks 
magzi777: bets $20.08
neild72: folds 
Uncalled bet ($20.08) returned to magzi777
magzi777 collected $16.06 from pot
*** SUMMARY ***
Total pot $16.90 | Rake $0.84 
Board [8d 9d Jc 5s]
Seat 1: blistein (small blind) folded before Flop
Seat 2: Burlica2013 (big blind) folded before Flop
Seat 3: neild72 folded on the Turn
Seat 4: MakoEv folded before Flop (didn't bet)
Seat 5: PhoenixAssassin folded before Flop (didn't bet)
Seat 6: magzi777 (button) collected ($16.06)



PokerStars Hand #254484191926:  Hold'em No Limit ($0.50/$1.00 USD) - 2025/01/21 14:54:31 WET [2025/01/21 9:54:31 ET]
Table 'Heidelberga IV' 6-max Seat #1 is the button
Seat 1: blistein ($112.57 in chips) 
Seat 2: Burlica2013 ($197.75 in chips) 
Seat 3: neild72 ($44.83 in chips) 
Seat 4: MakoEv ($108.91 in chips) 
Seat 5: PhoenixAssassin ($101.20 in chips) 
Seat 6: magzi777 ($120.02 in chips) 
Burlica2013: posts small blind $0.50
neild72: posts big blind $1
*** HOLE CARDS ***
MakoEv: folds 
PhoenixAssassin: raises $1.20 to $2.20
magzi777: folds 
blistein: folds 
Burlica2013: folds 
neild72: calls $1.20
*** FLOP *** [Jh Tc 8h]
neild72: checks 
PhoenixAssassin: bets $2.33
neild72: calls $2.33
*** TURN *** [Jh Tc 8h] [Qc]
neild72: checks 
PhoenixAssassin: bets $8
neild72: folds 
Uncalled bet ($8) returned to PhoenixAssassin
PhoenixAssassin collected $9.08 from pot
PhoenixAssassin: doesn't show hand 
*** SUMMARY ***
Total pot $9.56 | Rake $0.48 
Board [Jh Tc 8h Qc]
Seat 1: blistein (button) folded before Flop (didn't bet)
Seat 2: Burlica2013 (small blind) folded before Flop
Seat 3: neild72 (big blind) folded on the Turn
Seat 4: MakoEv folded before Flop (didn't bet)
Seat 5: PhoenixAssassin collected ($9.08)
Seat 6: magzi777 folded before Flop (didn't bet)



PokerStars Hand #254484199184:  Hold'em No Limit ($0.50/$1.00 USD) - 2025/01/21 14:55:12 WET [2025/01/21 9:55:12 ET]
Table 'Heidelberga IV' 6-max Seat #2 is the button
Seat 1: blistein ($112.57 in chips) 
Seat 2: Burlica2013 ($197.25 in chips) 
Seat 3: neild72 ($40.30 in chips) 
Seat 4: MakoEv ($108.91 in chips) 
Seat 5: PhoenixAssassin ($105.75 in chips) 
Seat 6: magzi777 ($120.02 in chips) 
neild72: posts small blind $0.50
MakoEv: posts big blind $1
*** HOLE CARDS ***
PhoenixAssassin: folds 
magzi777: raises $1.50 to $2.50
blistein: folds 
Burlica2013: folds 
neild72: calls $2
MakoEv: calls $1.50
*** FLOP *** [2s Qs 7d]
neild72: checks 
MakoEv: bets $2.35
magzi777: calls $2.35
neild72: calls $2.35
*** TURN *** [2s Qs 7d] [8d]
neild72: checks 
MakoEv: bets $10.40
magzi777: raises $25.97 to $36.37
neild72: folds 
MakoEv: raises $67.69 to $104.06 and is all-in
magzi777: calls $67.69
*** FIRST RIVER *** [2s Qs 7d 8d] [Td]
*** SECOND RIVER *** [2s Qs 7d 8d] [As]
*** FIRST SHOW DOWN ***
MakoEv: shows [7c 7h] (three of a kind, Sevens)
magzi777: shows [Qd Qc] (three of a kind, Queens)
magzi777 collected $110.09 from pot
*** SECOND SHOW DOWN ***
MakoEv: shows [7c 7h] (three of a kind, Sevens)
magzi777: shows [Qd Qc] (three of a kind, Queens)
magzi777 collected $110.08 from pot
*** SUMMARY ***
Total pot $222.67 | Rake $2.50 
Hand was run twice
FIRST Board [2s Qs 7d 8d Td]
SECOND Board [2s Qs 7d 8d As]
Seat 1: blistein folded before Flop (didn't bet)
Seat 2: Burlica2013 (button) folded before Flop (didn't bet)
Seat 3: neild72 (small blind) folded on the Turn
Seat 4: MakoEv (big blind) showed [7c 7h] and lost with three of a kind, Sevens, and lost with three of a kind, Sevens
Seat 5: PhoenixAssassin folded before Flop (didn't bet)
Seat 6: magzi777 showed [Qd Qc] and won ($110.09) with three of a kind, Queens, and won ($110.08) with three of a kind, Queens



PokerStars Hand #254484217504:  Hold'em No Limit ($0.50/$1.00 USD) - 2025/01/21 14:57:14 WET [2025/01/21 9:57:14 ET]
Table 'Heidelberga IV' 6-max Seat #3 is the button
Seat 1: blistein ($112.57 in chips) 
Seat 2: Burlica2013 ($197.25 in chips) 
Seat 3: neild72 ($35.45 in chips) 
Seat 4: MakoEv ($100 in chips) 
Seat 5: PhoenixAssassin ($105.75 in chips) 
Seat 6: magzi777 ($231.28 in chips) 
MakoEv: posts small blind $0.50
PhoenixAssassin: posts big blind $1
*** HOLE CARDS ***
magzi777: folds 
blistein: folds 
Burlica2013: folds 
neild72: folds 
MakoEv: raises $2 to $3
PhoenixAssassin: folds 
Uncalled bet ($2) returned to MakoEv
MakoEv collected $2 from pot
MakoEv: doesn't show hand 
*** SUMMARY ***
Total pot $2 | Rake $0 
Seat 1: blistein folded before Flop (didn't bet)
Seat 2: Burlica2013 folded before Flop (didn't bet)
Seat 3: neild72 (button) folded before Flop (didn't bet)
Seat 4: MakoEv (small blind) collected ($2)
Seat 5: PhoenixAssassin (big blind) folded before Flop
Seat 6: magzi777 folded before Flop (didn't bet)



PokerStars Hand #254484219884:  Hold'em No Limit ($0.50/$1.00 USD) - 2025/01/21 14:57:30 WET [2025/01/21 9:57:30 ET]
Table 'Heidelberga IV' 6-max Seat #4 is the button
Seat 1: blistein ($112.57 in chips) 
Seat 2: Burlica2013 ($197.25 in chips) 
Seat 3: neild72 ($35.45 in chips) 
Seat 4: MakoEv ($101 in chips) 
Seat 5: PhoenixAssassin ($104.75 in chips) 
Seat 6: magzi777 ($231.28 in chips) 
PhoenixAssassin: posts small blind $0.50
magzi777: posts big blind $1
*** HOLE CARDS ***
blistein: folds 
Burlica2013: folds 
neild72: raises $2 to $3
MakoEv: folds 
PhoenixAssassin: raises $9 to $12
magzi777: folds 
neild72: calls $9
*** FLOP *** [7c Kd Jh]
PhoenixAssassin: checks 
neild72: checks 
*** TURN *** [7c Kd Jh] [9c]
PhoenixAssassin: bets $11.88
neild72: folds 
Uncalled bet ($11.88) returned to PhoenixAssassin
PhoenixAssassin collected $23.75 from pot
PhoenixAssassin: doesn't show hand 
*** SUMMARY ***
Total pot $25 | Rake $1.25 
Board [7c Kd Jh 9c]
Seat 1: blistein folded before Flop (didn't bet)
Seat 2: Burlica2013 folded before Flop (didn't bet)
Seat 3: neild72 folded on the Turn
Seat 4: MakoEv (button) folded before Flop (didn't bet)
Seat 5: PhoenixAssassin (small blind) collected ($23.75)
Seat 6: magzi777 (big blind) folded before Flop



PokerStars Hand #254484224177:  Hold'em No Limit ($0.50/$1.00 USD) - 2025/01/21 14:57:59 WET [2025/01/21 9:57:59 ET]
Table 'Heidelberga IV' 6-max Seat #5 is the button
Seat 1: blistein ($112.57 in chips) 
Seat 2: Burlica2013 ($197.25 in chips) 
Seat 3: neild72 ($23.45 in chips) 
Seat 4: MakoEv ($101 in chips) 
Seat 5: PhoenixAssassin ($116.50 in chips) 
Seat 6: magzi777 ($230.28 in chips) 
magzi777: posts small blind $0.50
blistein: posts big blind $1
*** HOLE CARDS ***
Burlica2013: folds 
neild72: raises $2 to $3
MakoEv: folds 
PhoenixAssassin: raises $9 to $12
magzi777: folds 
blistein: folds 
neild72: raises $11.45 to $23.45 and is all-in
PhoenixAssassin: calls $11.45
*** FLOP *** [6s 5c Qc]
*** TURN *** [6s 5c Qc] [8h]
*** RIVER *** [6s 5c Qc 8h] [9s]
*** SHOW DOWN ***
neild72: shows [As Ks] (high card Ace)
PhoenixAssassin: shows [Ts Ah] (high card Ace - lower kicker)
neild72 collected $45.98 from pot
*** SUMMARY ***
Total pot $48.40 | Rake $2.42 
Board [6s 5c Qc 8h 9s]
Seat 1: blistein (big blind) folded before Flop
Seat 2: Burlica2013 folded before Flop (didn't bet)
Seat 3: neild72 showed [As Ks] and won ($45.98) with high card Ace
Seat 4: MakoEv folded before Flop (didn't bet)
Seat 5: PhoenixAssassin (button) showed [Ts Ah] and lost with high card Ace
Seat 6: magzi777 (small blind) folded before Flop



PokerStars Hand #254484227566:  Hold'em No Limit ($0.50/$1.00 USD) - 2025/01/21 14:58:22 WET [2025/01/21 9:58:22 ET]
Table 'Heidelberga IV' 6-max Seat #6 is the button
Seat 1: blistein ($111.57 in chips) 
Seat 2: Burlica2013 ($197.25 in chips) 
Seat 3: neild72 ($45.98 in chips) 
Seat 4: MakoEv ($101 in chips) 
Seat 5: PhoenixAssassin ($100 in chips) 
Seat 6: magzi777 ($229.78 in chips) 
blistein: posts small blind $0.50
Burlica2013: posts big blind $1
*** HOLE CARDS ***
neild72: calls $1
MakoEv: folds 
PhoenixAssassin: folds 
magzi777: raises $2.50 to $3.50
blistein: folds 
Burlica2013: folds 
neild72: calls $2.50
*** FLOP *** [4h 9d 5c]
neild72: checks 
magzi777: bets $2.50
neild72: calls $2.50
*** TURN *** [4h 9d 5c] [Td]
neild72: bets $12.82
magzi777: folds 
Uncalled bet ($12.82) returned to neild72
neild72 collected $12.82 from pot
*** SUMMARY ***
Total pot $13.50 | Rake $0.68 
Board [4h 9d 5c Td]
Seat 1: blistein (small blind) folded before Flop
Seat 2: Burlica2013 (big blind) folded before Flop
Seat 3: neild72 collected ($12.82)
Seat 4: MakoEv folded before Flop (didn't bet)
Seat 5: PhoenixAssassin folded before Flop (didn't bet)
Seat 6: magzi777 (button) folded on the Turn



PokerStars Hand #254484233317:  Hold'em No Limit ($0.50/$1.00 USD) - 2025/01/21 14:59:01 WET [2025/01/21 9:59:01 ET]
Table 'Heidelberga IV' 6-max Seat #1 is the button
Seat 1: blistein ($111.07 in chips) 
Seat 2: Burlica2013 ($196.25 in chips) 
Seat 3: neild72 ($52.80 in chips) 
Seat 4: MakoEv ($101 in chips) 
Seat 5: PhoenixAssassin ($100 in chips) 
Seat 6: magzi777 ($223.78 in chips) 
Burlica2013: posts small blind $0.50
neild72: posts big blind $1
*** HOLE CARDS ***
MakoEv: folds 
PhoenixAssassin: raises $1.20 to $2.20
magzi777: folds 
blistein: folds 
Burlica2013: folds 
neild72: folds 
Uncalled bet ($1.20) returned to PhoenixAssassin
PhoenixAssassin collected $2.50 from pot
PhoenixAssassin: doesn't show hand 
*** SUMMARY ***
Total pot $2.50 | Rake $0 
Seat 1: blistein (button) folded before Flop (didn't bet)
Seat 2: Burlica2013 (small blind) folded before Flop
Seat 3: neild72 (big blind) folded before Flop
Seat 4: MakoEv folded before Flop (didn't bet)
Seat 5: PhoenixAssassin collected ($2.50)
Seat 6: magzi777 folded before Flop (didn't bet)



PokerStars Hand #254484235822:  Hold'em No Limit ($0.50/$1.00 USD) - 2025/01/21 14:59:18 WET [2025/01/21 9:59:18 ET]
Table 'Heidelberga IV' 6-max Seat #2 is the button
Seat 1: blistein ($111.07 in chips) 
Seat 2: Burlica2013 ($195.75 in chips) 
Seat 3: neild72 ($51.80 in chips) 
Seat 4: MakoEv ($101 in chips) 
Seat 5: PhoenixAssassin ($101.50 in chips) 
Seat 6: magzi777 ($223.78 in chips) 
neild72: posts small blind $0.50
MakoEv: posts big blind $1
*** HOLE CARDS ***
PhoenixAssassin: folds 
magzi777: folds 
blistein: raises $1.30 to $2.30
Burlica2013: folds 
neild72: calls $1.80
MakoEv: folds 
*** FLOP *** [Th Kh 8c]
neild72: checks 
blistein: checks 
*** TURN *** [Th Kh 8c] [Tc]
neild72: bets $3.66
blistein: calls $3.66
*** RIVER *** [Th Kh 8c Tc] [4d]
neild72: checks 
blistein: checks 
*** SHOW DOWN ***
neild72: shows [Qc 6c] (a pair of Tens)
blistein: shows [8d 9d] (two pair, Tens and Eights)
blistein collected $12.27 from pot
*** SUMMARY ***
Total pot $12.92 | Rake $0.65 
Board [Th Kh 8c Tc 4d]
Seat 1: blistein showed [8d 9d] and won ($12.27) with two pair, Tens and Eights
Seat 2: Burlica2013 (button) folded before Flop (didn't bet)
Seat 3: neild72 (small blind) showed [Qc 6c] and lost with a pair of Tens
Seat 4: MakoEv (big blind) folded before Flop
Seat 5: PhoenixAssassin folded before Flop (didn't bet)
Seat 6: magzi777 folded before Flop (didn't bet)



PokerStars Hand #254484243629:  Hold'em No Limit ($0.50/$1.00 USD) - 2025/01/21 15:00:08 WET [2025/01/21 10:00:08 ET]
Table 'Heidelberga IV' 6-max Seat #3 is the button
Seat 1: blistein ($117.38 in chips) 
Seat 2: Burlica2013 ($195.75 in chips) 
Seat 3: neild72 ($45.84 in chips) 
Seat 4: MakoEv ($100 in chips) 
Seat 5: PhoenixAssassin ($101.50 in chips) 
Seat 6: magzi777 ($223.78 in chips) 
MakoEv: posts small blind $0.50
PhoenixAssassin: posts big blind $1
*** HOLE CARDS ***
magzi777: raises $1.50 to $2.50
blistein: folds 
Burlica2013: folds 
neild72: raises $9.50 to $12
MakoEv: folds 
PhoenixAssassin: folds 
magzi777: folds 
Uncalled bet ($9.50) returned to neild72
neild72 collected $6.50 from pot
*** SUMMARY ***
Total pot $6.50 | Rake $0 
Seat 1: blistein folded before Flop (didn't bet)
Seat 2: Burlica2013 folded before Flop (didn't bet)
Seat 3: neild72 (button) collected ($6.50)
Seat 4: MakoEv (small blind) folded before Flop
Seat 5: PhoenixAssassin (big blind) folded before Flop
Seat 6: magzi777 folded before Flop



PokerStars Hand #254484247732:  Hold'em No Limit ($0.50/$1.00 USD) - 2025/01/21 15:00:34 WET [2025/01/21 10:00:34 ET]
Table 'Heidelberga IV' 6-max Seat #4 is the button
Seat 1: blistein ($117.38 in chips) 
Seat 2: Burlica2013 ($195.75 in chips) 
Seat 3: neild72 ($49.84 in chips) 
Seat 4: MakoEv ($100 in chips) 
Seat 5: PhoenixAssassin ($100.50 in chips) 
Seat 6: magzi777 ($221.28 in chips) 
PhoenixAssassin: posts small blind $0.50
magzi777: posts big blind $1
*** HOLE CARDS ***
blistein: folds 
Burlica2013: folds 
neild72: folds 
MakoEv: raises $1.50 to $2.50
PhoenixAssassin: folds 
magzi777: calls $1.50
*** FLOP *** [9s Ad Qs]
magzi777: checks 
MakoEv: bets $3.40
magzi777: folds 
Uncalled bet ($3.40) returned to MakoEv
MakoEv collected $5.22 from pot
MakoEv: doesn't show hand 
*** SUMMARY ***
Total pot $5.50 | Rake $0.28 
Board [9s Ad Qs]
Seat 1: blistein folded before Flop (didn't bet)
Seat 2: Burlica2013 folded before Flop (didn't bet)
Seat 3: neild72 folded before Flop (didn't bet)
Seat 4: MakoEv (button) collected ($5.22)
Seat 5: PhoenixAssassin (small blind) folded before Flop
Seat 6: magzi777 (big blind) folded on the Flop



PokerStars Hand #254484252101:  Hold'em No Limit ($0.50/$1.00 USD) - 2025/01/21 15:01:00 WET [2025/01/21 10:01:00 ET]
Table 'Heidelberga IV' 6-max Seat #5 is the button
Seat 1: blistein ($117.38 in chips) 
Seat 2: Burlica2013 ($195.75 in chips) 
Seat 3: neild72 ($49.84 in chips) 
Seat 4: MakoEv ($102.72 in chips) 
Seat 5: PhoenixAssassin ($100 in chips) 
Seat 6: magzi777 ($218.78 in chips) 
magzi777: posts small blind $0.50
blistein: posts big blind $1
*** HOLE CARDS ***
Burlica2013: folds 
neild72: folds 
MakoEv: raises $1.50 to $2.50
PhoenixAssassin: folds 
magzi777: folds 
blistein: folds 
Uncalled bet ($1.50) returned to MakoEv
MakoEv collected $2.50 from pot
MakoEv: doesn't show hand 
*** SUMMARY ***
Total pot $2.50 | Rake $0 
Seat 1: blistein (big blind) folded before Flop
Seat 2: Burlica2013 folded before Flop (didn't bet)
Seat 3: neild72 folded before Flop (didn't bet)
Seat 4: MakoEv collected ($2.50)
Seat 5: PhoenixAssassin (button) folded before Flop (didn't bet)
Seat 6: magzi777 (small blind) folded before Flop



PokerStars Hand #254484254403:  Hold'em No Limit ($0.50/$1.00 USD) - 2025/01/21 15:01:12 WET [2025/01/21 10:01:12 ET]
Table 'Heidelberga IV' 6-max Seat #6 is the button
Seat 1: blistein ($116.38 in chips) 
Seat 2: Burlica2013 ($195.75 in chips) 
Seat 3: neild72 ($49.84 in chips) 
Seat 4: MakoEv ($104.22 in chips) 
Seat 5: PhoenixAssassin ($100 in chips) 
Seat 6: magzi777 ($218.28 in chips) 
blistein: posts small blind $0.50
Burlica2013: posts big blind $1
*** HOLE CARDS ***
neild72: raises $2 to $3
MakoEv: folds 
PhoenixAssassin: raises $6 to $9
magzi777: folds 
blistein: folds 
Burlica2013: folds 
neild72: raises $40.84 to $49.84 and is all-in
PhoenixAssassin: folds 
Uncalled bet ($40.84) returned to neild72
neild72 collected $19.50 from pot
*** SUMMARY ***
Total pot $19.50 | Rake $0 
Seat 1: blistein (small blind) folded before Flop
Seat 2: Burlica2013 (big blind) folded before Flop
Seat 3: neild72 collected ($19.50)
Seat 4: MakoEv folded before Flop (didn't bet)
Seat 5: PhoenixAssassin folded before Flop
Seat 6: magzi777 (button) folded before Flop (didn't bet)



PokerStars Hand #254484257530:  Hold'em No Limit ($0.50/$1.00 USD) - 2025/01/21 15:01:29 WET [2025/01/21 10:01:29 ET]
Table 'Heidelberga IV' 6-max Seat #1 is the button
Seat 1: blistein ($115.88 in chips) 
Seat 2: Burlica2013 ($194.75 in chips) 
Seat 3: neild72 ($60.34 in chips) 
Seat 4: MakoEv ($104.22 in chips) 
Seat 5: PhoenixAssassin ($100 in chips) 
Seat 6: magzi777 ($218.28 in chips) 
Burlica2013: posts small blind $0.50
neild72: posts big blind $1
*** HOLE CARDS ***
MakoEv: raises $1.20 to $2.20
PhoenixAssassin: folds 
magzi777: folds 
blistein: folds 
Burlica2013: folds 
neild72: folds 
Uncalled bet ($1.20) returned to MakoEv
MakoEv collected $2.50 from pot
MakoEv: doesn't show hand 
*** SUMMARY ***
Total pot $2.50 | Rake $0 
Seat 1: blistein (button) folded before Flop (didn't bet)
Seat 2: Burlica2013 (small blind) folded before Flop
Seat 3: neild72 (big blind) folded before Flop
Seat 4: MakoEv collected ($2.50)
Seat 5: PhoenixAssassin folded before Flop (didn't bet)
Seat 6: magzi777 folded before Flop (didn't bet)



PokerStars Hand #254484258985:  Hold'em No Limit ($0.50/$1.00 USD) - 2025/01/21 15:01:37 WET [2025/01/21 10:01:37 ET]
Table 'Heidelberga IV' 6-max Seat #2 is the button
Seat 1: blistein ($115.88 in chips) 
Seat 2: Burlica2013 ($194.25 in chips) 
Seat 3: neild72 ($59.34 in chips) 
Seat 4: MakoEv ($105.72 in chips) 
Seat 5: PhoenixAssassin ($100 in chips) 
Seat 6: magzi777 ($218.28 in chips) 
neild72: posts small blind $0.50
MakoEv: posts big blind $1
*** HOLE CARDS ***
PhoenixAssassin: folds 
magzi777: folds 
blistein: folds 
Burlica2013: folds 
neild72: folds 
Uncalled bet ($0.50) returned to MakoEv
MakoEv collected $1 from pot
MakoEv: doesn't show hand 
*** SUMMARY ***
Total pot $1 | Rake $0 
Seat 1: blistein folded before Flop (didn't bet)
Seat 2: Burlica2013 (button) folded before Flop (didn't bet)
Seat 3: neild72 (small blind) folded before Flop
Seat 4: MakoEv (big blind) collected ($1)
Seat 5: PhoenixAssassin folded before Flop (didn't bet)
Seat 6: magzi777 folded before Flop (didn't bet)



PokerStars Hand #254484260366:  Hold'em No Limit ($0.50/$1.00 USD) - 2025/01/21 15:01:44 WET [2025/01/21 10:01:44 ET]
Table 'Heidelberga IV' 6-max Seat #3 is the button
Seat 1: blistein ($115.88 in chips) 
Seat 2: Burlica2013 ($194.25 in chips) 
Seat 3: neild72 ($58.84 in chips) 
Seat 4: MakoEv ($106.22 in chips) 
Seat 5: PhoenixAssassin ($100 in chips) 
Seat 6: magzi777 ($218.28 in chips) 
MakoEv: posts small blind $0.50
PhoenixAssassin: posts big blind $1
*** HOLE CARDS ***
magzi777: folds 
blistein: raises $1.20 to $2.20
Burlica2013: folds 
neild72: calls $2.20
MakoEv: raises $10.30 to $12.50
PhoenixAssassin: folds 
blistein: folds 
neild72: folds 
Uncalled bet ($10.30) returned to MakoEv
MakoEv collected $7.60 from pot
MakoEv: doesn't show hand 
*** SUMMARY ***
Total pot $7.60 | Rake $0 
Seat 1: blistein folded before Flop
Seat 2: Burlica2013 folded before Flop (didn't bet)
Seat 3: neild72 (button) folded before Flop
Seat 4: MakoEv (small blind) collected ($7.60)
Seat 5: PhoenixAssassin (big blind) folded before Flop
Seat 6: magzi777 folded before Flop (didn't bet)



PokerStars Hand #254484264688:  Hold'em No Limit ($0.50/$1.00 USD) - 2025/01/21 15:02:08 WET [2025/01/21 10:02:08 ET]
Table 'Heidelberga IV' 6-max Seat #4 is the button
Seat 1: blistein ($113.68 in chips) 
Seat 2: Burlica2013 ($194.25 in chips) 
Seat 3: neild72 ($56.64 in chips) 
Seat 4: MakoEv ($111.62 in chips) 
Seat 5: PhoenixAssassin ($100 in chips) 
Seat 6: magzi777 ($218.28 in chips) 
PhoenixAssassin: posts small blind $0.50
magzi777: posts big blind $1
*** HOLE CARDS ***
blistein: folds 
Burlica2013: folds 
neild72: raises $2 to $3
MakoEv: folds 
PhoenixAssassin: raises $7 to $10
magzi777: folds 
neild72: calls $7
*** FLOP *** [8s Qh 5h]
PhoenixAssassin: checks 
neild72: bets $19.95
PhoenixAssassin: folds 
Uncalled bet ($19.95) returned to neild72
neild72 collected $19.95 from pot
*** SUMMARY ***
Total pot $21 | Rake $1.05 
Board [8s Qh 5h]
Seat 1: blistein folded before Flop (didn't bet)
Seat 2: Burlica2013 folded before Flop (didn't bet)
Seat 3: neild72 collected ($19.95)
Seat 4: MakoEv (button) folded before Flop (didn't bet)
Seat 5: PhoenixAssassin (small blind) folded on the Flop
Seat 6: magzi777 (big blind) folded before Flop



PokerStars Hand #254484268803:  Hold'em No Limit ($0.50/$1.00 USD) - 2025/01/21 15:02:30 WET [2025/01/21 10:02:30 ET]
Table 'Heidelberga IV' 6-max Seat #5 is the button
Seat 1: blistein ($113.68 in chips) 
Seat 2: Burlica2013 ($194.25 in chips) 
Seat 3: neild72 ($66.59 in chips) 
Seat 4: MakoEv ($111.62 in chips) 
Seat 5: PhoenixAssassin ($100 in chips) 
Seat 6: magzi777 ($217.28 in chips) 
magzi777: posts small blind $0.50
blistein: posts big blind $1
*** HOLE CARDS ***
Burlica2013: folds 
neild72: folds 
MakoEv: folds 
PhoenixAssassin: raises $1.50 to $2.50
magzi777: raises $8.50 to $11
blistein: folds 
PhoenixAssassin: raises $12 to $23
magzi777: calls $12
*** FLOP *** [7c Kc Ts]
magzi777: checks 
PhoenixAssassin: bets $10
magzi777: raises $71.97 to $81.97
PhoenixAssassin: calls $67 and is all-in
Uncalled bet ($4.97) returned to magzi777
*** TURN *** [7c Kc Ts] [Kh]
*** RIVER *** [7c Kc Ts Kh] [Ac]
*** SHOW DOWN ***
magzi777: shows [Th Td] (a full house, Tens full of Kings)
PhoenixAssassin: shows [Jc Jd] (two pair, Kings and Jacks)
magzi777 collected $198.50 from pot
*** SUMMARY ***
Total pot $201 | Rake $2.50 
Board [7c Kc Ts Kh Ac]
Seat 1: blistein (big blind) folded before Flop
Seat 2: Burlica2013 folded before Flop (didn't bet)
Seat 3: neild72 folded before Flop (didn't bet)
Seat 4: MakoEv folded before Flop (didn't bet)
Seat 5: PhoenixAssassin (button) showed [Jc Jd] and lost with two pair, Kings and Jacks
Seat 6: magzi777 (small blind) showed [Th Td] and won ($198.50) with a full house, Tens full of Kings



PokerStars Hand #254484285550:  Hold'em No Limit ($0.50/$1.00 USD) - 2025/01/21 15:03:58 WET [2025/01/21 10:03:58 ET]
Table 'Heidelberga IV' 6-max Seat #6 is the button
Seat 1: blistein ($112.68 in chips) 
Seat 2: Burlica2013 ($194.25 in chips) 
Seat 3: neild72 ($66.59 in chips) 
Seat 4: MakoEv ($111.62 in chips) 
Seat 5: PhoenixAssassin ($100 in chips) 
Seat 6: magzi777 ($315.78 in chips) 
blistein: posts small blind $0.50
Burlica2013: posts big blind $1
*** HOLE CARDS ***
neild72: calls $1
MakoEv: folds 
PhoenixAssassin: folds 
magzi777: folds 
blistein: raises $3 to $4
Burlica2013: calls $3
neild72: calls $3
*** FLOP *** [Qs 3s 9s]
blistein: checks 
Burlica2013: checks 
neild72: checks 
*** TURN *** [Qs 3s 9s] [7h]
blistein: checks 
Burlica2013: bets $3.76
neild72: folds 
blistein: folds 
Uncalled bet ($3.76) returned to Burlica2013
Burlica2013 collected $11.40 from pot
Burlica2013: doesn't show hand 
*** SUMMARY ***
Total pot $12 | Rake $0.60 
Board [Qs 3s 9s 7h]
Seat 1: blistein (small blind) folded on the Turn
Seat 2: Burlica2013 (big blind) collected ($11.40)
Seat 3: neild72 folded on the Turn
Seat 4: MakoEv folded before Flop (didn't bet)
Seat 5: PhoenixAssassin folded before Flop (didn't bet)
Seat 6: magzi777 (button) folded before Flop (didn't bet)



PokerStars Hand #254484293700:  Hold'em No Limit ($0.50/$1.00 USD) - 2025/01/21 15:04:40 WET [2025/01/21 10:04:40 ET]
Table 'Heidelberga IV' 6-max Seat #1 is the button
Seat 1: blistein ($108.68 in chips) 
Seat 2: Burlica2013 ($201.65 in chips) 
Seat 3: neild72 ($62.59 in chips) 
Seat 4: MakoEv ($111.62 in chips) 
Seat 5: PhoenixAssassin ($100 in chips) 
Seat 6: magzi777 ($315.78 in chips) 
Burlica2013: posts small blind $0.50
neild72: posts big blind $1
*** HOLE CARDS ***
MakoEv: folds 
PhoenixAssassin: raises $1.20 to $2.20
magzi777: folds 
blistein: folds 
Burlica2013: folds 
neild72: folds 
Uncalled bet ($1.20) returned to PhoenixAssassin
PhoenixAssassin collected $2.50 from pot
PhoenixAssassin: doesn't show hand 
*** SUMMARY ***
Total pot $2.50 | Rake $0 
Seat 1: blistein (button) folded before Flop (didn't bet)
Seat 2: Burlica2013 (small blind) folded before Flop
Seat 3: neild72 (big blind) folded before Flop
Seat 4: MakoEv folded before Flop (didn't bet)
Seat 5: PhoenixAssassin collected ($2.50)
Seat 6: magzi777 folded before Flop (didn't bet)



PokerStars Hand #254484296035:  Hold'em No Limit ($0.50/$1.00 USD) - 2025/01/21 15:04:53 WET [2025/01/21 10:04:53 ET]
Table 'Heidelberga IV' 6-max Seat #2 is the button
Seat 1: blistein ($108.68 in chips) 
Seat 2: Burlica2013 ($201.15 in chips) 
Seat 3: neild72 ($61.59 in chips) 
Seat 4: MakoEv ($111.62 in chips) 
Seat 5: PhoenixAssassin ($101.50 in chips) 
Seat 6: magzi777 ($315.78 in chips) 
neild72: posts small blind $0.50
MakoEv: posts big blind $1
*** HOLE CARDS ***
PhoenixAssassin: folds 
magzi777: raises $1.50 to $2.50
blistein: folds 
Burlica2013: folds 
neild72: folds 
MakoEv: calls $1.50
*** FLOP *** [8d 2s 5s]
MakoEv: checks 
magzi777: bets $3.45
MakoEv: folds 
Uncalled bet ($3.45) returned to magzi777
magzi777 collected $5.22 from pot
*** SUMMARY ***
Total pot $5.50 | Rake $0.28 
Board [8d 2s 5s]
Seat 1: blistein folded before Flop (didn't bet)
Seat 2: Burlica2013 (button) folded before Flop (didn't bet)
Seat 3: neild72 (small blind) folded before Flop
Seat 4: MakoEv (big blind) folded on the Flop
Seat 5: PhoenixAssassin folded before Flop (didn't bet)
Seat 6: magzi777 collected ($5.22)



PokerStars Hand #254484302220:  Hold'em No Limit ($0.50/$1.00 USD) - 2025/01/21 15:05:24 WET [2025/01/21 10:05:24 ET]
Table 'Heidelberga IV' 6-max Seat #3 is the button
Seat 1: blistein ($108.68 in chips) 
Seat 2: Burlica2013 ($201.15 in chips) 
Seat 3: neild72 ($61.09 in chips) 
Seat 4: MakoEv ($109.12 in chips) 
Seat 5: PhoenixAssassin ($101.50 in chips) 
Seat 6: magzi777 ($318.50 in chips) 
MakoEv: posts small blind $0.50
PhoenixAssassin: posts big blind $1
*** HOLE CARDS ***
magzi777: folds 
blistein: folds 
Burlica2013: folds 
neild72: raises $2 to $3
MakoEv: folds 
PhoenixAssassin: raises $9 to $12
neild72: calls $9
*** FLOP *** [Ac Th Tc]
PhoenixAssassin: bets $5
neild72: calls $5
*** TURN *** [Ac Th Tc] [Ad]
PhoenixAssassin: checks 
neild72: checks 
*** RIVER *** [Ac Th Tc Ad] [5c]
PhoenixAssassin: checks 
neild72: bets $8
PhoenixAssassin: calls $8
*** SHOW DOWN ***
neild72: shows [6s 6d] (two pair, Aces and Tens)
PhoenixAssassin: shows [Js Jd] (two pair, Aces and Jacks)
PhoenixAssassin collected $48 from pot
*** SUMMARY ***
Total pot $50.50 | Rake $2.50 
Board [Ac Th Tc Ad 5c]
Seat 1: blistein folded before Flop (didn't bet)
Seat 2: Burlica2013 folded before Flop (didn't bet)
Seat 3: neild72 (button) showed [6s 6d] and lost with two pair, Aces and Tens
Seat 4: MakoEv (small blind) folded before Flop
Seat 5: PhoenixAssassin (big blind) showed [Js Jd] and won ($48) with two pair, Aces and Jacks
Seat 6: magzi777 folded before Flop (didn't bet)



PokerStars Hand #254484311923:  Hold'em No Limit ($0.50/$1.00 USD) - 2025/01/21 15:06:16 WET [2025/01/21 10:06:16 ET]
Table 'Heidelberga IV' 6-max Seat #4 is the button
Seat 1: blistein ($108.68 in chips) 
Seat 2: Burlica2013 ($201.15 in chips) 
Seat 3: neild72 ($36.09 in chips) 
Seat 4: MakoEv ($108.62 in chips) 
Seat 5: PhoenixAssassin ($124.50 in chips) 
Seat 6: magzi777 ($318.50 in chips) 
PhoenixAssassin: posts small blind $0.50
magzi777: posts big blind $1
*** HOLE CARDS ***
blistein: folds 
Burlica2013: folds 
neild72: calls $1
MakoEv: folds 
PhoenixAssassin: folds 
magzi777: raises $3.50 to $4.50
neild72: calls $3.50
*** FLOP *** [3c Th 3s]
magzi777: checks 
neild72: checks 
*** TURN *** [3c Th 3s] [Ah]
magzi777: checks 
neild72: checks 
*** RIVER *** [3c Th 3s Ah] [8h]
magzi777: checks 
neild72: checks 
*** SHOW DOWN ***
magzi777: shows [9h Ad] (two pair, Aces and Threes)
neild72: mucks hand 
magzi777 collected $9.02 from pot
*** SUMMARY ***
Total pot $9.50 | Rake $0.48 
Board [3c Th 3s Ah 8h]
Seat 1: blistein folded before Flop (didn't bet)
Seat 2: Burlica2013 folded before Flop (didn't bet)
Seat 3: neild72 mucked
Seat 4: MakoEv (button) folded before Flop (didn't bet)
Seat 5: PhoenixAssassin (small blind) folded before Flop
Seat 6: magzi777 (big blind) showed [9h Ad] and won ($9.02) with two pair, Aces and Threes



PokerStars Hand #254484318657:  Hold'em No Limit ($0.50/$1.00 USD) - 2025/01/21 15:06:51 WET [2025/01/21 10:06:51 ET]
Table 'Heidelberga IV' 6-max Seat #5 is the button
Seat 1: blistein ($108.68 in chips) 
Seat 2: Burlica2013 ($201.15 in chips) 
Seat 3: neild72 ($31.59 in chips) 
Seat 4: MakoEv ($108.62 in chips) 
Seat 5: PhoenixAssassin ($124 in chips) 
Seat 6: magzi777 ($323.02 in chips) 
magzi777: posts small blind $0.50
blistein: posts big blind $1
*** HOLE CARDS ***
Burlica2013: folds 
neild72: calls $1
MakoEv: folds 
PhoenixAssassin: folds 
magzi777: folds 
blistein: raises $3 to $4
neild72: calls $3
*** FLOP *** [8d 3c 9s]
blistein: checks 
neild72: bets $6.04
blistein: folds 
Uncalled bet ($6.04) returned to neild72
neild72 collected $8.08 from pot
*** SUMMARY ***
Total pot $8.50 | Rake $0.42 
Board [8d 3c 9s]
Seat 1: blistein (big blind) folded on the Flop
Seat 2: Burlica2013 folded before Flop (didn't bet)
Seat 3: neild72 collected ($8.08)
Seat 4: MakoEv folded before Flop (didn't bet)
Seat 5: PhoenixAssassin (button) folded before Flop (didn't bet)
Seat 6: magzi777 (small blind) folded before Flop



PokerStars Hand #254484324633:  Hold'em No Limit ($0.50/$1.00 USD) - 2025/01/21 15:07:22 WET [2025/01/21 10:07:22 ET]
Table 'Heidelberga IV' 6-max Seat #6 is the button
Seat 1: blistein ($104.68 in chips) 
Seat 2: Burlica2013 ($201.15 in chips) 
Seat 3: neild72 ($35.67 in chips) 
Seat 4: MakoEv ($108.62 in chips) 
Seat 5: PhoenixAssassin ($124 in chips) 
Seat 6: magzi777 ($322.52 in chips) 
blistein: posts small blind $0.50
Burlica2013: posts big blind $1
*** HOLE CARDS ***
neild72: folds 
MakoEv: raises $1.20 to $2.20
PhoenixAssassin: raises $5.80 to $8
magzi777: folds 
blistein: folds 
Burlica2013: folds 
MakoEv: folds 
Uncalled bet ($5.80) returned to PhoenixAssassin
PhoenixAssassin collected $5.90 from pot
PhoenixAssassin: doesn't show hand 
*** SUMMARY ***
Total pot $5.90 | Rake $0 
Seat 1: blistein (small blind) folded before Flop
Seat 2: Burlica2013 (big blind) folded before Flop
Seat 3: neild72 folded before Flop (didn't bet)
Seat 4: MakoEv folded before Flop
Seat 5: PhoenixAssassin collected ($5.90)
Seat 6: magzi777 (button) folded before Flop (didn't bet)



PokerStars Hand #254484329381:  Hold'em No Limit ($0.50/$1.00 USD) - 2025/01/21 15:07:47 WET [2025/01/21 10:07:47 ET]
Table 'Heidelberga IV' 6-max Seat #1 is the button
Seat 1: blistein ($104.18 in chips) 
Seat 2: Burlica2013 ($200.15 in chips) 
Seat 3: neild72 ($35.67 in chips) 
Seat 4: MakoEv ($106.42 in chips) 
Seat 5: PhoenixAssassin ($127.70 in chips) 
Seat 6: magzi777 ($322.52 in chips) 
Burlica2013: posts small blind $0.50
neild72: posts big blind $1
*** HOLE CARDS ***
MakoEv: folds 
PhoenixAssassin: raises $1.20 to $2.20
magzi777: folds 
blistein: folds 
Burlica2013: folds 
neild72: calls $1.20
*** FLOP *** [Qh Td 5d]
neild72: checks 
PhoenixAssassin: bets $3.08
neild72: folds 
Uncalled bet ($3.08) returned to PhoenixAssassin
PhoenixAssassin collected $4.66 from pot
PhoenixAssassin: doesn't show hand 
*** SUMMARY ***
Total pot $4.90 | Rake $0.24 
Board [Qh Td 5d]
Seat 1: blistein (button) folded before Flop (didn't bet)
Seat 2: Burlica2013 (small blind) folded before Flop
Seat 3: neild72 (big blind) folded on the Flop
Seat 4: MakoEv folded before Flop (didn't bet)
Seat 5: PhoenixAssassin collected ($4.66)
Seat 6: magzi777 folded before Flop (didn't bet)



PokerStars Hand #254484333918:  Hold'em No Limit ($0.50/$1.00 USD) - 2025/01/21 15:08:12 WET [2025/01/21 10:08:12 ET]
Table 'Heidelberga IV' 6-max Seat #2 is the button
Seat 1: blistein ($104.18 in chips) 
Seat 2: Burlica2013 ($199.65 in chips) 
Seat 3: neild72 ($33.47 in chips) 
Seat 4: MakoEv ($106.42 in chips) 
Seat 5: PhoenixAssassin ($130.16 in chips) 
Seat 6: magzi777 ($322.52 in chips) 
neild72: posts small blind $0.50
MakoEv: posts big blind $1
*** HOLE CARDS ***
PhoenixAssassin: folds 
magzi777: raises $1.50 to $2.50
blistein: folds 
Burlica2013: folds 
neild72: raises $5.50 to $8
MakoEv: folds 
magzi777: raises $314.52 to $322.52 and is all-in
neild72: calls $25.47 and is all-in
Uncalled bet ($289.05) returned to magzi777
*** FLOP *** [Th 3c 7h]
*** TURN *** [Th 3c 7h] [Td]
*** RIVER *** [Th 3c 7h Td] [2s]
*** SHOW DOWN ***
neild72: shows [7d Ah] (two pair, Tens and Sevens)
magzi777: shows [Js As] (a pair of Tens)
neild72 collected $65.44 from pot
*** SUMMARY ***
Total pot $67.94 | Rake $2.50 
Board [Th 3c 7h Td 2s]
Seat 1: blistein folded before Flop (didn't bet)
Seat 2: Burlica2013 (button) folded before Flop (didn't bet)
Seat 3: neild72 (small blind) showed [7d Ah] and won ($65.44) with two pair, Tens and Sevens
Seat 4: MakoEv (big blind) folded before Flop
Seat 5: PhoenixAssassin folded before Flop (didn't bet)
Seat 6: magzi777 showed [Js As] and lost with a pair of Tens



PokerStars Hand #254484341270:  Hold'em No Limit ($0.50/$1.00 USD) - 2025/01/21 15:08:50 WET [2025/01/21 10:08:50 ET]
Table 'Heidelberga IV' 6-max Seat #3 is the button
Seat 1: blistein ($104.18 in chips) 
Seat 2: Burlica2013 ($199.65 in chips) 
Seat 3: neild72 ($65.44 in chips) 
Seat 4: MakoEv ($105.42 in chips) 
Seat 5: PhoenixAssassin ($130.16 in chips) 
Seat 6: magzi777 ($289.05 in chips) 
MakoEv: posts small blind $0.50
PhoenixAssassin: posts big blind $1
*** HOLE CARDS ***
magzi777: raises $1.50 to $2.50
blistein: folds 
Burlica2013: folds 
neild72: folds 
MakoEv: folds 
PhoenixAssassin: folds 
Uncalled bet ($1.50) returned to magzi777
magzi777 collected $2.50 from pot
*** SUMMARY ***
Total pot $2.50 | Rake $0 
Seat 1: blistein folded before Flop (didn't bet)
Seat 2: Burlica2013 folded before Flop (didn't bet)
Seat 3: neild72 (button) folded before Flop (didn't bet)
Seat 4: MakoEv (small blind) folded before Flop
Seat 5: PhoenixAssassin (big blind) folded before Flop
Seat 6: magzi777 collected ($2.50)



PokerStars Hand #254484343112:  Hold'em No Limit ($0.50/$1.00 USD) - 2025/01/21 15:09:00 WET [2025/01/21 10:09:00 ET]
Table 'Heidelberga IV' 6-max Seat #4 is the button
Seat 1: blistein ($104.18 in chips) 
Seat 2: Burlica2013 ($199.65 in chips) 
Seat 3: neild72 ($65.44 in chips) 
Seat 4: MakoEv ($104.92 in chips) 
Seat 5: PhoenixAssassin ($129.16 in chips) 
Seat 6: magzi777 ($290.55 in chips) 
PhoenixAssassin: posts small blind $0.50
magzi777: posts big blind $1
*** HOLE CARDS ***
blistein: folds 
Burlica2013: folds 
neild72: folds 
MakoEv: raises $1.50 to $2.50
PhoenixAssassin: raises $9.50 to $12
magzi777: folds 
MakoEv: calls $9.50
*** FLOP *** [2c 4h As]
PhoenixAssassin: bets $7.84
MakoEv: calls $7.84
*** TURN *** [2c 4h As] [7s]
PhoenixAssassin: bets $25.51
MakoEv: folds 
Uncalled bet ($25.51) returned to PhoenixAssassin
PhoenixAssassin collected $38.65 from pot
PhoenixAssassin: doesn't show hand 
*** SUMMARY ***
Total pot $40.68 | Rake $2.03 
Board [2c 4h As 7s]
Seat 1: blistein folded before Flop (didn't bet)
Seat 2: Burlica2013 folded before Flop (didn't bet)
Seat 3: neild72 folded before Flop (didn't bet)
Seat 4: MakoEv (button) folded on the Turn
Seat 5: PhoenixAssassin (small blind) collected ($38.65)
Seat 6: magzi777 (big blind) folded before Flop



PokerStars Hand #254484352671:  Hold'em No Limit ($0.50/$1.00 USD) - 2025/01/21 15:09:50 WET [2025/01/21 10:09:50 ET]
Table 'Heidelberga IV' 6-max Seat #5 is the button
Seat 1: blistein ($104.18 in chips) 
Seat 2: Burlica2013 ($199.65 in chips) 
Seat 3: neild72 ($65.44 in chips) 
Seat 4: MakoEv ($100 in chips) 
Seat 5: PhoenixAssassin ($147.97 in chips) 
Seat 6: magzi777 ($289.55 in chips) 
magzi777: posts small blind $0.50
blistein: posts big blind $1
*** HOLE CARDS ***
Burlica2013: folds 
neild72: calls $1
MakoEv: raises $2.50 to $3.50
PhoenixAssassin: folds 
magzi777: folds 
blistein: folds 
neild72: calls $2.50
*** FLOP *** [6c 7s 8h]
neild72: checks 
MakoEv: bets $2.42
neild72: calls $2.42
*** TURN *** [6c 7s 8h] [Ac]
neild72: checks 
MakoEv: bets $8.20
neild72: folds 
Uncalled bet ($8.20) returned to MakoEv
MakoEv collected $12.67 from pot
MakoEv: doesn't show hand 
*** SUMMARY ***
Total pot $13.34 | Rake $0.67 
Board [6c 7s 8h Ac]
Seat 1: blistein (big blind) folded before Flop
Seat 2: Burlica2013 folded before Flop (didn't bet)
Seat 3: neild72 folded on the Turn
Seat 4: MakoEv collected ($12.67)
Seat 5: PhoenixAssassin (button) folded before Flop (didn't bet)
Seat 6: magzi777 (small blind) folded before Flop



PokerStars Hand #254484363134:  Hold'em No Limit ($0.50/$1.00 USD) - 2025/01/21 15:10:46 WET [2025/01/21 10:10:46 ET]
Table 'Heidelberga IV' 6-max Seat #6 is the button
Seat 1: blistein ($103.18 in chips) 
Seat 2: Burlica2013 ($199.65 in chips) 
Seat 3: neild72 ($59.52 in chips) 
Seat 4: MakoEv ($106.75 in chips) 
Seat 5: PhoenixAssassin ($147.97 in chips) 
Seat 6: magzi777 ($289.05 in chips) 
blistein: posts small blind $0.50
Burlica2013: posts big blind $1
*** HOLE CARDS ***
neild72: folds 
MakoEv: raises $1.20 to $2.20
PhoenixAssassin: folds 
magzi777: folds 
blistein: folds 
Burlica2013: calls $1.20
*** FLOP *** [6d Ad 4d]
Burlica2013: checks 
MakoEv: checks 
*** TURN *** [6d Ad 4d] [As]
Burlica2013: bets $2.33
MakoEv: calls $2.33
*** RIVER *** [6d Ad 4d As] [9c]
Burlica2013: bets $6.81
MakoEv: folds 
Uncalled bet ($6.81) returned to Burlica2013
Burlica2013 collected $9.08 from pot
Burlica2013: doesn't show hand 
*** SUMMARY ***
Total pot $9.56 | Rake $0.48 
Board [6d Ad 4d As 9c]
Seat 1: blistein (small blind) folded before Flop
Seat 2: Burlica2013 (big blind) collected ($9.08)
Seat 3: neild72 folded before Flop (didn't bet)
Seat 4: MakoEv folded on the River
Seat 5: PhoenixAssassin folded before Flop (didn't bet)
Seat 6: magzi777 (button) folded before Flop (didn't bet)



PokerStars Hand #254484376643:  Hold'em No Limit ($0.50/$1.00 USD) - 2025/01/21 15:11:56 WET [2025/01/21 10:11:56 ET]
Table 'Heidelberga IV' 6-max Seat #1 is the button
Seat 1: blistein ($102.68 in chips) 
Seat 2: Burlica2013 ($204.20 in chips) 
Seat 3: neild72 ($59.52 in chips) 
Seat 4: MakoEv ($102.22 in chips) 
Seat 5: PhoenixAssassin ($147.97 in chips) 
Seat 6: magzi777 ($289.05 in chips) 
Burlica2013: posts small blind $0.50
neild72: posts big blind $1
*** HOLE CARDS ***
MakoEv: folds 
PhoenixAssassin: raises $1.20 to $2.20
magzi777: folds 
blistein: folds 
Burlica2013: folds 
neild72: calls $1.20
*** FLOP *** [9d 8h 7c]
neild72: checks 
PhoenixAssassin: checks 
*** TURN *** [9d 8h 7c] [Jh]
neild72: checks 
PhoenixAssassin: checks 
*** RIVER *** [9d 8h 7c Jh] [9s]
neild72: checks 
PhoenixAssassin: checks 
*** SHOW DOWN ***
neild72: shows [Ks 3c] (a pair of Nines)
PhoenixAssassin: shows [Qd Ac] (a pair of Nines - Ace kicker)
PhoenixAssassin collected $4.66 from pot
*** SUMMARY ***
Total pot $4.90 | Rake $0.24 
Board [9d 8h 7c Jh 9s]
Seat 1: blistein (button) folded before Flop (didn't bet)
Seat 2: Burlica2013 (small blind) folded before Flop
Seat 3: neild72 (big blind) showed [Ks 3c] and lost with a pair of Nines
Seat 4: MakoEv folded before Flop (didn't bet)
Seat 5: PhoenixAssassin showed [Qd Ac] and won ($4.66) with a pair of Nines
Seat 6: magzi777 folded before Flop (didn't bet)



PokerStars Hand #254484380857:  Hold'em No Limit ($0.50/$1.00 USD) - 2025/01/21 15:12:18 WET [2025/01/21 10:12:18 ET]
Table 'Heidelberga IV' 6-max Seat #2 is the button
Seat 1: blistein ($102.68 in chips) 
Seat 2: Burlica2013 ($203.70 in chips) 
Seat 3: neild72 ($57.32 in chips) 
Seat 4: MakoEv ($102.22 in chips) 
Seat 5: PhoenixAssassin ($150.43 in chips) 
Seat 6: magzi777 ($289.05 in chips) 
neild72: posts small blind $0.50
MakoEv: posts big blind $1
*** HOLE CARDS ***
PhoenixAssassin: folds 
magzi777: folds 
blistein: folds 
Burlica2013: raises $1.45 to $2.45
neild72: calls $1.95
MakoEv: calls $1.45
*** FLOP *** [6h Ad Js]
neild72: checks 
MakoEv: checks 
Burlica2013: bets $2.30
neild72: calls $2.30
MakoEv: folds 
*** TURN *** [6h Ad Js] [9h]
neild72: checks 
Burlica2013: checks 
*** RIVER *** [6h Ad Js 9h] [4s]
neild72: bets $5.68
Burlica2013: calls $5.68
*** SHOW DOWN ***
neild72: shows [3s Ah] (a pair of Aces)
Burlica2013: shows [Ac Th] (a pair of Aces - Jack+Ten kicker)
Burlica2013 collected $22.14 from pot
*** SUMMARY ***
Total pot $23.31 | Rake $1.17 
Board [6h Ad Js 9h 4s]
Seat 1: blistein folded before Flop (didn't bet)
Seat 2: Burlica2013 (button) showed [Ac Th] and won ($22.14) with a pair of Aces
Seat 3: neild72 (small blind) showed [3s Ah] and lost with a pair of Aces
Seat 4: MakoEv (big blind) folded on the Flop
Seat 5: PhoenixAssassin folded before Flop (didn't bet)
Seat 6: magzi777 folded before Flop (didn't bet)



PokerStars Hand #254484388059:  Hold'em No Limit ($0.50/$1.00 USD) - 2025/01/21 15:12:55 WET [2025/01/21 10:12:55 ET]
Table 'Heidelberga IV' 6-max Seat #3 is the button
Seat 1: blistein ($102.68 in chips) 
Seat 2: Burlica2013 ($215.41 in chips) 
Seat 3: neild72 ($46.89 in chips) 
Seat 4: MakoEv ($100 in chips) 
Seat 5: PhoenixAssassin ($150.43 in chips) 
Seat 6: magzi777 ($289.05 in chips) 
MakoEv: posts small blind $0.50
PhoenixAssassin: posts big blind $1
*** HOLE CARDS ***
magzi777: folds 
blistein: raises $1.20 to $2.20
Burlica2013: folds 
neild72: calls $2.20
MakoEv: folds 
PhoenixAssassin: folds 
*** FLOP *** [Js 4c 2d]
blistein: bets $2.40
neild72: raises $4.40 to $6.80
blistein: calls $4.40
*** TURN *** [Js 4c 2d] [9d]
blistein: checks 
neild72: bets $9.26
blistein: raises $9.26 to $18.52
neild72: calls $9.26
*** RIVER *** [Js 4c 2d 9d] [Jc]
blistein: bets $27.02
neild72: calls $19.37 and is all-in
Uncalled bet ($7.65) returned to blistein
*** SHOW DOWN ***
blistein: shows [Jd Jh] (four of a kind, Jacks)
neild72: shows [Kc 9h] (two pair, Jacks and Nines)
blistein collected $92.78 from pot
*** SUMMARY ***
Total pot $95.28 | Rake $2.50 
Board [Js 4c 2d 9d Jc]
Seat 1: blistein showed [Jd Jh] and won ($92.78) with four of a kind, Jacks
Seat 2: Burlica2013 folded before Flop (didn't bet)
Seat 3: neild72 (button) showed [Kc 9h] and lost with two pair, Jacks and Nines
Seat 4: MakoEv (small blind) folded before Flop
Seat 5: PhoenixAssassin (big blind) folded before Flop
Seat 6: magzi777 folded before Flop (didn't bet)



PokerStars Hand #254484409262:  Hold'em No Limit ($0.50/$1.00 USD) - 2025/01/21 15:14:45 WET [2025/01/21 10:14:45 ET]
Table 'Heidelberga IV' 6-max Seat #4 is the button
Seat 3: neild72 ($0 in chips) is sitting out
Seat 1: blistein ($148.57 in chips) 
Seat 2: Burlica2013 ($215.41 in chips) 
Seat 4: MakoEv ($100 in chips) 
Seat 5: PhoenixAssassin ($149.43 in chips) 
Seat 6: magzi777 ($289.05 in chips) 
PhoenixAssassin: posts small blind $0.50
magzi777: posts big blind $1
*** HOLE CARDS ***
neild72 leaves the table
blistein: folds 
Burlica2013: folds 
blistein leaves the table
MakoEv: folds 
PhoenixAssassin: folds 
Uncalled bet ($0.50) returned to magzi777
magzi777 collected $1 from pot
*** SUMMARY ***
Total pot $1 | Rake $0 
Seat 3: neild72
Seat 1: blistein folded before Flop (didn't bet)
Seat 2: Burlica2013 folded before Flop (didn't bet)
Seat 4: MakoEv (button) folded before Flop (didn't bet)
Seat 5: PhoenixAssassin (small blind) folded before Flop
Seat 6: magzi777 (big blind) collected ($1)



PokerStars Hand #254484411866:  Hold'em No Limit ($0.50/$1.00 USD) - 2025/01/21 15:14:58 WET [2025/01/21 10:14:58 ET]
Table 'Heidelberga IV' 6-max Seat #5 is the button
Seat 2: Burlica2013 ($215.41 in chips) is sitting out
Seat 4: MakoEv ($100 in chips) 
Seat 5: PhoenixAssassin ($148.93 in chips) 
Seat 6: magzi777 ($289.55 in chips) 
magzi777: posts small blind $0.50
Burlica2013: is sitting out 
MakoEv: posts big blind $1
*** HOLE CARDS ***
PhoenixAssassin: raises $1.50 to $2.50
magzi777: folds 
Burlica2013 leaves the table
MakoEv: raises $8.50 to $11
PhoenixAssassin: raises $12 to $23
MakoEv: folds 
Uncalled bet ($12) returned to PhoenixAssassin
PhoenixAssassin collected $22.50 from pot
PhoenixAssassin: doesn't show hand 
*** SUMMARY ***
Total pot $22.50 | Rake $0 
Seat 2: Burlica2013
Seat 4: MakoEv (big blind) folded before Flop
Seat 5: PhoenixAssassin (button) collected ($22.50)
Seat 6: magzi777 (small blind) folded before Flop



