PokerStars Hand #254486737026:  Hold'em No Limit ($0.50/$1.00 USD) - 2025/01/21 18:06:45 WET [2025/01/21 13:06:45 ET]
Table 'Decrux III' 6-max Seat #6 is the button
Seat 1: sta$igk ($100 in chips) 
Seat 2: radu10101 ($103.87 in chips) 
Seat 3: michasia ($116.25 in chips) 
Seat 4: z00mba ($123.52 in chips) 
Seat 5: AlexPinsk1 ($100 in chips) 
Seat 6: Diamondplaces ($10 in chips) 
sta$igk: posts small blind $0.50
radu10101: posts big blind $1
*** HOLE CARDS ***
michasia: folds 
z00mba: folds 
AlexPinsk1: folds 
Diamondplaces: folds 
sta$igk: folds 
Uncalled bet ($0.50) returned to radu10101
radu10101 collected $1 from pot
*** SUMMARY ***
Total pot $1 | Rake $0 
Seat 1: sta$igk (small blind) folded before Flop
Seat 2: radu10101 (big blind) collected ($1)
Seat 3: michasia folded before Flop (didn't bet)
Seat 4: z00mba folded before Flop (didn't bet)
Seat 5: AlexPinsk1 folded before Flop (didn't bet)
Seat 6: Diamondplaces (button) folded before Flop (didn't bet)



PokerStars Hand #254486741318:  Hold'em No Limit ($0.50/$1.00 USD) - 2025/01/21 18:07:01 WET [2025/01/21 13:07:01 ET]
Table 'Decrux III' 6-max Seat #1 is the button
Seat 1: sta$igk ($100 in chips) 
Seat 2: radu10101 ($104.37 in chips) 
Seat 3: michasia ($116.25 in chips) 
Seat 4: z00mba ($123.52 in chips) 
Seat 5: AlexPinsk1 ($100 in chips) 
Seat 6: Diamondplaces ($10 in chips) 
radu10101: posts small blind $0.50
michasia: posts big blind $1
*** HOLE CARDS ***
z00mba: folds 
AlexPinsk1: folds 
Diamondplaces: raises $9 to $10 and is all-in
sta$igk: folds 
radu10101: calls $9.50
michasia: folds 
*** FLOP *** [3d Jd Ah]
*** TURN *** [3d Jd Ah] [5s]
*** RIVER *** [3d Jd Ah 5s] [Jh]
*** SHOW DOWN ***
radu10101: shows [Js Ad] (a full house, Jacks full of Aces)
Diamondplaces: shows [Ac Qd] (two pair, Aces and Jacks)
radu10101 collected $19.95 from pot
*** SUMMARY ***
Total pot $21 | Rake $1.05 
Board [3d Jd Ah 5s Jh]
Seat 1: sta$igk (button) folded before Flop (didn't bet)
Seat 2: radu10101 (small blind) showed [Js Ad] and won ($19.95) with a full house, Jacks full of Aces
Seat 3: michasia (big blind) folded before Flop
Seat 4: z00mba folded before Flop (didn't bet)
Seat 5: AlexPinsk1 folded before Flop (didn't bet)
Seat 6: Diamondplaces showed [Ac Qd] and lost with two pair, Aces and Jacks



PokerStars Hand #254486752336:  Hold'em No Limit ($0.50/$1.00 USD) - 2025/01/21 18:07:42 WET [2025/01/21 13:07:42 ET]
Table 'Decrux III' 6-max Seat #2 is the button
Seat 6: Diamondplaces ($0 in chips) is sitting out
Seat 1: sta$igk ($100 in chips) 
Seat 2: radu10101 ($114.32 in chips) 
Seat 3: michasia ($115.25 in chips) 
Seat 4: z00mba ($123.52 in chips) 
Seat 5: AlexPinsk1 ($100 in chips) 
michasia: posts small blind $0.50
z00mba: posts big blind $1
*** HOLE CARDS ***
AlexPinsk1: folds 
sta$igk: folds 
radu10101: calls $1
michasia: folds 
z00mba: checks 
*** FLOP *** [As 2h 2c]
z00mba: checks 
radu10101: checks 
*** TURN *** [As 2h 2c] [Jc]
z00mba: checks 
radu10101: checks 
*** RIVER *** [As 2h 2c Jc] [Td]
z00mba: checks 
radu10101: checks 
*** SHOW DOWN ***
z00mba: shows [Kh 5c] (a pair of Deuces)
radu10101: shows [5s Ts] (two pair, Tens and Deuces)
radu10101 collected $2.38 from pot
*** SUMMARY ***
Total pot $2.50 | Rake $0.12 
Board [As 2h 2c Jc Td]
Seat 6: Diamondplaces
Seat 1: sta$igk folded before Flop (didn't bet)
Seat 2: radu10101 (button) showed [5s Ts] and won ($2.38) with two pair, Tens and Deuces
Seat 3: michasia (small blind) folded before Flop
Seat 4: z00mba (big blind) showed [Kh 5c] and lost with a pair of Deuces
Seat 5: AlexPinsk1 folded before Flop (didn't bet)



PokerStars Hand #254486768539:  Hold'em No Limit ($0.50/$1.00 USD) - 2025/01/21 18:08:43 WET [2025/01/21 13:08:43 ET]
Table 'Decrux III' 6-max Seat #3 is the button
Seat 1: sta$igk ($100 in chips) 
Seat 2: radu10101 ($115.70 in chips) 
Seat 3: michasia ($114.75 in chips) 
Seat 4: z00mba ($122.52 in chips) 
Seat 5: AlexPinsk1 ($100 in chips) 
Seat 6: Diamondplaces ($11.52 in chips) 
z00mba: posts small blind $0.50
AlexPinsk1: posts big blind $1
*** HOLE CARDS ***
Diamondplaces: folds 
sta$igk: raises $1.50 to $2.50
radu10101: folds 
michasia: folds 
z00mba: folds 
AlexPinsk1: raises $9.50 to $12
sta$igk: raises $12.50 to $24.50
AlexPinsk1: raises $75.50 to $100 and is all-in
sta$igk: folds 
Uncalled bet ($75.50) returned to AlexPinsk1
AlexPinsk1 collected $49.50 from pot
AlexPinsk1: doesn't show hand 
*** SUMMARY ***
Total pot $49.50 | Rake $0 
Seat 1: sta$igk folded before Flop
Seat 2: radu10101 folded before Flop (didn't bet)
Seat 3: michasia (button) folded before Flop (didn't bet)
Seat 4: z00mba (small blind) folded before Flop
Seat 5: AlexPinsk1 (big blind) collected ($49.50)
Seat 6: Diamondplaces folded before Flop (didn't bet)



PokerStars Hand #254486782136:  Hold'em No Limit ($0.50/$1.00 USD) - 2025/01/21 18:09:33 WET [2025/01/21 13:09:33 ET]
Table 'Decrux III' 6-max Seat #4 is the button
Seat 1: sta$igk ($100 in chips) 
Seat 2: radu10101 ($115.70 in chips) 
Seat 3: michasia ($114.75 in chips) 
Seat 4: z00mba ($122.02 in chips) 
Seat 5: AlexPinsk1 ($125 in chips) 
Seat 6: Diamondplaces ($11.52 in chips) 
AlexPinsk1: posts small blind $0.50
Diamondplaces: posts big blind $1
*** HOLE CARDS ***
sta$igk: folds 
radu10101: calls $1
michasia: folds 
z00mba: folds 
AlexPinsk1: folds 
Diamondplaces: checks 
*** FLOP *** [Jc Kh 7d]
Diamondplaces: checks 
radu10101: checks 
*** TURN *** [Jc Kh 7d] [Qs]
Diamondplaces: checks 
radu10101: checks 
*** RIVER *** [Jc Kh 7d Qs] [3d]
Diamondplaces: checks 
radu10101: checks 
*** SHOW DOWN ***
Diamondplaces: shows [7s 3h] (two pair, Sevens and Threes)
radu10101: mucks hand 
Diamondplaces collected $2.38 from pot
*** SUMMARY ***
Total pot $2.50 | Rake $0.12 
Board [Jc Kh 7d Qs 3d]
Seat 1: sta$igk folded before Flop (didn't bet)
Seat 2: radu10101 mucked
Seat 3: michasia folded before Flop (didn't bet)
Seat 4: z00mba (button) folded before Flop (didn't bet)
Seat 5: AlexPinsk1 (small blind) folded before Flop
Seat 6: Diamondplaces (big blind) showed [7s 3h] and won ($2.38) with two pair, Sevens and Threes



PokerStars Hand #254486788677:  Hold'em No Limit ($0.50/$1.00 USD) - 2025/01/21 18:09:57 WET [2025/01/21 13:09:57 ET]
Table 'Decrux III' 6-max Seat #5 is the button
Seat 1: sta$igk ($100 in chips) 
Seat 2: radu10101 ($114.70 in chips) 
Seat 3: michasia ($114.75 in chips) 
Seat 4: z00mba ($122.02 in chips) 
Seat 5: AlexPinsk1 ($124.50 in chips) 
Seat 6: Diamondplaces ($12.90 in chips) 
Diamondplaces: posts small blind $0.50
sta$igk: posts big blind $1
*** HOLE CARDS ***
radu10101: calls $1
michasia: folds 
z00mba: folds 
AlexPinsk1: folds 
Diamondplaces: calls $0.50
sta$igk: checks 
*** FLOP *** [Ah As 7d]
Diamondplaces: checks 
sta$igk: checks 
radu10101: checks 
*** TURN *** [Ah As 7d] [8d]
Diamondplaces: bets $1
sta$igk: calls $1
radu10101: calls $1
*** RIVER *** [Ah As 7d 8d] [3h]
Diamondplaces: bets $1
sta$igk: calls $1
radu10101: folds 
*** SHOW DOWN ***
Diamondplaces: shows [Ac 5s] (three of a kind, Aces)
sta$igk: mucks hand 
Diamondplaces collected $7.60 from pot
*** SUMMARY ***
Total pot $8 | Rake $0.40 
Board [Ah As 7d 8d 3h]
Seat 1: sta$igk (big blind) mucked
Seat 2: radu10101 folded on the River
Seat 3: michasia folded before Flop (didn't bet)
Seat 4: z00mba folded before Flop (didn't bet)
Seat 5: AlexPinsk1 (button) folded before Flop (didn't bet)
Seat 6: Diamondplaces (small blind) showed [Ac 5s] and won ($7.60) with three of a kind, Aces



PokerStars Hand #254486802622:  Hold'em No Limit ($0.50/$1.00 USD) - 2025/01/21 18:10:50 WET [2025/01/21 13:10:50 ET]
Table 'Decrux III' 6-max Seat #6 is the button
Seat 1: sta$igk ($100 in chips) 
Seat 2: radu10101 ($112.70 in chips) 
Seat 3: michasia ($114.75 in chips) 
Seat 4: z00mba ($122.02 in chips) 
Seat 5: AlexPinsk1 ($124.50 in chips) 
Seat 6: Diamondplaces ($17.50 in chips) 
sta$igk: posts small blind $0.50
radu10101: posts big blind $1
*** HOLE CARDS ***
michasia: folds 
z00mba: folds 
AlexPinsk1: folds 
Diamondplaces: folds 
sta$igk: folds 
Uncalled bet ($0.50) returned to radu10101
radu10101 collected $1 from pot
*** SUMMARY ***
Total pot $1 | Rake $0 
Seat 1: sta$igk (small blind) folded before Flop
Seat 2: radu10101 (big blind) collected ($1)
Seat 3: michasia folded before Flop (didn't bet)
Seat 4: z00mba folded before Flop (didn't bet)
Seat 5: AlexPinsk1 folded before Flop (didn't bet)
Seat 6: Diamondplaces (button) folded before Flop (didn't bet)



PokerStars Hand #254486806236:  Hold'em No Limit ($0.50/$1.00 USD) - 2025/01/21 18:11:03 WET [2025/01/21 13:11:03 ET]
Table 'Decrux III' 6-max Seat #1 is the button
Seat 1: sta$igk ($100 in chips) 
Seat 2: radu10101 ($113.20 in chips) 
Seat 3: michasia ($114.75 in chips) 
Seat 4: z00mba ($122.02 in chips) 
Seat 5: AlexPinsk1 ($124.50 in chips) 
Seat 6: Diamondplaces ($17.50 in chips) 
radu10101: posts small blind $0.50
michasia: posts big blind $1
*** HOLE CARDS ***
z00mba: raises $1.50 to $2.50
AlexPinsk1: folds 
Diamondplaces: folds 
sta$igk: folds 
radu10101: calls $2
michasia: folds 
*** FLOP *** [Jh 9c 4h]
radu10101: checks 
z00mba: bets $3
radu10101: folds 
Uncalled bet ($3) returned to z00mba
z00mba collected $5.70 from pot
z00mba: doesn't show hand 
*** SUMMARY ***
Total pot $6 | Rake $0.30 
Board [Jh 9c 4h]
Seat 1: sta$igk (button) folded before Flop (didn't bet)
Seat 2: radu10101 (small blind) folded on the Flop
Seat 3: michasia (big blind) folded before Flop
Seat 4: z00mba collected ($5.70)
Seat 5: AlexPinsk1 folded before Flop (didn't bet)
Seat 6: Diamondplaces folded before Flop (didn't bet)



PokerStars Hand #254486813674:  Hold'em No Limit ($0.50/$1.00 USD) - 2025/01/21 18:11:30 WET [2025/01/21 13:11:30 ET]
Table 'Decrux III' 6-max Seat #2 is the button
Seat 1: sta$igk ($100 in chips) 
Seat 2: radu10101 ($110.70 in chips) 
Seat 3: michasia ($113.75 in chips) 
Seat 4: z00mba ($125.22 in chips) 
Seat 5: AlexPinsk1 ($124.50 in chips) 
Seat 6: Diamondplaces ($17.50 in chips) 
michasia: posts small blind $0.50
z00mba: posts big blind $1
*** HOLE CARDS ***
AlexPinsk1: raises $1.50 to $2.50
Diamondplaces: folds 
sta$igk: folds 
radu10101: folds 
michasia: folds 
z00mba: folds 
Uncalled bet ($1.50) returned to AlexPinsk1
AlexPinsk1 collected $2.50 from pot
AlexPinsk1: doesn't show hand 
*** SUMMARY ***
Total pot $2.50 | Rake $0 
Seat 1: sta$igk folded before Flop (didn't bet)
Seat 2: radu10101 (button) folded before Flop (didn't bet)
Seat 3: michasia (small blind) folded before Flop
Seat 4: z00mba (big blind) folded before Flop
Seat 5: AlexPinsk1 collected ($2.50)
Seat 6: Diamondplaces folded before Flop (didn't bet)



PokerStars Hand #254486819825:  Hold'em No Limit ($0.50/$1.00 USD) - 2025/01/21 18:11:53 WET [2025/01/21 13:11:53 ET]
Table 'Decrux III' 6-max Seat #3 is the button
Seat 1: sta$igk ($100 in chips) 
Seat 2: radu10101 ($110.70 in chips) 
Seat 3: michasia ($113.25 in chips) 
Seat 4: z00mba ($124.22 in chips) 
Seat 5: AlexPinsk1 ($126 in chips) 
Seat 6: Diamondplaces ($17.50 in chips) 
z00mba: posts small blind $0.50
AlexPinsk1: posts big blind $1
*** HOLE CARDS ***
Diamondplaces: folds 
sta$igk: folds 
radu10101: calls $1
michasia: folds 
z00mba: calls $0.50
AlexPinsk1: checks 
*** FLOP *** [Ac 5c 6h]
z00mba: checks 
AlexPinsk1: bets $1
radu10101: calls $1
z00mba: folds 
*** TURN *** [Ac 5c 6h] [Qd]
AlexPinsk1: checks 
radu10101: bets $2
AlexPinsk1: folds 
Uncalled bet ($2) returned to radu10101
radu10101 collected $4.75 from pot
*** SUMMARY ***
Total pot $5 | Rake $0.25 
Board [Ac 5c 6h Qd]
Seat 1: sta$igk folded before Flop (didn't bet)
Seat 2: radu10101 collected ($4.75)
Seat 3: michasia (button) folded before Flop (didn't bet)
Seat 4: z00mba (small blind) folded on the Flop
Seat 5: AlexPinsk1 (big blind) folded on the Turn
Seat 6: Diamondplaces folded before Flop (didn't bet)



PokerStars Hand #254486833806:  Hold'em No Limit ($0.50/$1.00 USD) - 2025/01/21 18:12:44 WET [2025/01/21 13:12:44 ET]
Table 'Decrux III' 6-max Seat #4 is the button
Seat 1: sta$igk ($100 in chips) 
Seat 2: radu10101 ($113.45 in chips) 
Seat 3: michasia ($113.25 in chips) 
Seat 4: z00mba ($123.22 in chips) 
Seat 5: AlexPinsk1 ($124 in chips) 
Seat 6: Diamondplaces ($17.50 in chips) 
AlexPinsk1: posts small blind $0.50
Diamondplaces: posts big blind $1
*** HOLE CARDS ***
sta$igk: folds 
radu10101: folds 
michasia: folds 
z00mba: raises $1.50 to $2.50
AlexPinsk1: raises $7.50 to $10
Diamondplaces: folds 
z00mba: folds 
Uncalled bet ($7.50) returned to AlexPinsk1
AlexPinsk1 collected $6 from pot
AlexPinsk1: doesn't show hand 
*** SUMMARY ***
Total pot $6 | Rake $0 
Seat 1: sta$igk folded before Flop (didn't bet)
Seat 2: radu10101 folded before Flop (didn't bet)
Seat 3: michasia folded before Flop (didn't bet)
Seat 4: z00mba (button) folded before Flop
Seat 5: AlexPinsk1 (small blind) collected ($6)
Seat 6: Diamondplaces (big blind) folded before Flop



PokerStars Hand #254486839324:  Hold'em No Limit ($0.50/$1.00 USD) - 2025/01/21 18:13:04 WET [2025/01/21 13:13:04 ET]
Table 'Decrux III' 6-max Seat #5 is the button
Seat 1: sta$igk ($100 in chips) 
Seat 2: radu10101 ($113.45 in chips) 
Seat 3: michasia ($113.25 in chips) 
Seat 4: z00mba ($120.72 in chips) 
Seat 5: AlexPinsk1 ($127.50 in chips) 
Seat 6: Diamondplaces ($16.50 in chips) 
Diamondplaces: posts small blind $0.50
sta$igk: posts big blind $1
*** HOLE CARDS ***
radu10101: calls $1
michasia: folds 
z00mba: folds 
AlexPinsk1: folds 
Diamondplaces: calls $0.50
sta$igk: raises $5 to $6
radu10101: folds 
Diamondplaces: folds 
Uncalled bet ($5) returned to sta$igk
sta$igk collected $3 from pot
sta$igk: doesn't show hand 
*** SUMMARY ***
Total pot $3 | Rake $0 
Seat 1: sta$igk (big blind) collected ($3)
Seat 2: radu10101 folded before Flop
Seat 3: michasia folded before Flop (didn't bet)
Seat 4: z00mba folded before Flop (didn't bet)
Seat 5: AlexPinsk1 (button) folded before Flop (didn't bet)
Seat 6: Diamondplaces (small blind) folded before Flop



PokerStars Hand #254486844890:  Hold'em No Limit ($0.50/$1.00 USD) - 2025/01/21 18:13:25 WET [2025/01/21 13:13:25 ET]
Table 'Decrux III' 6-max Seat #6 is the button
Seat 1: sta$igk ($102 in chips) 
Seat 2: radu10101 ($112.45 in chips) 
Seat 3: michasia ($113.25 in chips) 
Seat 4: z00mba ($120.72 in chips) 
Seat 5: AlexPinsk1 ($127.50 in chips) 
Seat 6: Diamondplaces ($15.50 in chips) 
sta$igk: posts small blind $0.50
radu10101: posts big blind $1
*** HOLE CARDS ***
michasia: raises $1.60 to $2.60
z00mba: folds 
AlexPinsk1: folds 
Diamondplaces: folds 
sta$igk: folds 
radu10101: calls $1.60
*** FLOP *** [6s 3s 4h]
radu10101: checks 
michasia: bets $1.79
radu10101: folds 
Uncalled bet ($1.79) returned to michasia
michasia collected $5.42 from pot
michasia: doesn't show hand 
*** SUMMARY ***
Total pot $5.70 | Rake $0.28 
Board [6s 3s 4h]
Seat 1: sta$igk (small blind) folded before Flop
Seat 2: radu10101 (big blind) folded on the Flop
Seat 3: michasia collected ($5.42)
Seat 4: z00mba folded before Flop (didn't bet)
Seat 5: AlexPinsk1 folded before Flop (didn't bet)
Seat 6: Diamondplaces (button) folded before Flop (didn't bet)



PokerStars Hand #254486849956:  Hold'em No Limit ($0.50/$1.00 USD) - 2025/01/21 18:13:43 WET [2025/01/21 13:13:43 ET]
Table 'Decrux III' 6-max Seat #1 is the button
Seat 1: sta$igk ($101.50 in chips) 
Seat 2: radu10101 ($109.85 in chips) 
Seat 3: michasia ($116.07 in chips) 
Seat 4: z00mba ($120.72 in chips) 
Seat 5: AlexPinsk1 ($127.50 in chips) 
Seat 6: Diamondplaces ($15.50 in chips) 
radu10101: posts small blind $0.50
michasia: posts big blind $1
*** HOLE CARDS ***
z00mba: folds 
AlexPinsk1: folds 
Diamondplaces: folds 
sta$igk: folds 
radu10101: calls $0.50
michasia: checks 
*** FLOP *** [Kd Ts Qs]
radu10101: checks 
michasia: checks 
*** TURN *** [Kd Ts Qs] [2h]
radu10101: checks 
michasia: checks 
*** RIVER *** [Kd Ts Qs 2h] [6h]
radu10101: checks 
michasia: checks 
*** SHOW DOWN ***
radu10101: shows [7c 3s] (high card King)
michasia: shows [4s Th] (a pair of Tens)
michasia collected $1.90 from pot
*** SUMMARY ***
Total pot $2 | Rake $0.10 
Board [Kd Ts Qs 2h 6h]
Seat 1: sta$igk (button) folded before Flop (didn't bet)
Seat 2: radu10101 (small blind) showed [7c 3s] and lost with high card King
Seat 3: michasia (big blind) showed [4s Th] and won ($1.90) with a pair of Tens
Seat 4: z00mba folded before Flop (didn't bet)
Seat 5: AlexPinsk1 folded before Flop (didn't bet)
Seat 6: Diamondplaces folded before Flop (didn't bet)



PokerStars Hand #254486857616:  Hold'em No Limit ($0.50/$1.00 USD) - 2025/01/21 18:14:11 WET [2025/01/21 13:14:11 ET]
Table 'Decrux III' 6-max Seat #2 is the button
Seat 1: sta$igk ($101.50 in chips) 
Seat 2: radu10101 ($108.85 in chips) 
Seat 3: michasia ($116.97 in chips) 
Seat 4: z00mba ($120.72 in chips) 
Seat 5: AlexPinsk1 ($127.50 in chips) 
Seat 6: Diamondplaces ($15.50 in chips) 
michasia: posts small blind $0.50
z00mba: posts big blind $1
*** HOLE CARDS ***
AlexPinsk1: folds 
Diamondplaces: folds 
sta$igk: folds 
radu10101: folds 
michasia: folds 
Uncalled bet ($0.50) returned to z00mba
z00mba collected $1 from pot
z00mba: doesn't show hand 
*** SUMMARY ***
Total pot $1 | Rake $0 
Seat 1: sta$igk folded before Flop (didn't bet)
Seat 2: radu10101 (button) folded before Flop (didn't bet)
Seat 3: michasia (small blind) folded before Flop
Seat 4: z00mba (big blind) collected ($1)
Seat 5: AlexPinsk1 folded before Flop (didn't bet)
Seat 6: Diamondplaces folded before Flop (didn't bet)



PokerStars Hand #254486861496:  Hold'em No Limit ($0.50/$1.00 USD) - 2025/01/21 18:14:25 WET [2025/01/21 13:14:25 ET]
Table 'Decrux III' 6-max Seat #3 is the button
Seat 1: sta$igk ($101.50 in chips) 
Seat 2: radu10101 ($108.85 in chips) 
Seat 3: michasia ($116.47 in chips) 
Seat 4: z00mba ($121.22 in chips) 
Seat 5: AlexPinsk1 ($127.50 in chips) 
Seat 6: Diamondplaces ($15.50 in chips) 
z00mba: posts small blind $0.50
AlexPinsk1: posts big blind $1
*** HOLE CARDS ***
Diamondplaces: folds 
sta$igk: folds 
radu10101: calls $1
michasia: folds 
z00mba: calls $0.50
AlexPinsk1: checks 
*** FLOP *** [9d Jh Qh]
z00mba: checks 
AlexPinsk1: checks 
radu10101: bets $2
z00mba: folds 
AlexPinsk1: folds 
Uncalled bet ($2) returned to radu10101
radu10101 collected $2.85 from pot
*** SUMMARY ***
Total pot $3 | Rake $0.15 
Board [9d Jh Qh]
Seat 1: sta$igk folded before Flop (didn't bet)
Seat 2: radu10101 collected ($2.85)
Seat 3: michasia (button) folded before Flop (didn't bet)
Seat 4: z00mba (small blind) folded on the Flop
Seat 5: AlexPinsk1 (big blind) folded on the Flop
Seat 6: Diamondplaces folded before Flop (didn't bet)



PokerStars Hand #254486869894:  Hold'em No Limit ($0.50/$1.00 USD) - 2025/01/21 18:14:56 WET [2025/01/21 13:14:56 ET]
Table 'Decrux III' 6-max Seat #4 is the button
Seat 1: sta$igk ($101.50 in chips) 
Seat 2: radu10101 ($110.70 in chips) 
Seat 3: michasia ($116.47 in chips) 
Seat 4: z00mba ($120.22 in chips) 
Seat 5: AlexPinsk1 ($126.50 in chips) 
Seat 6: Diamondplaces ($15.50 in chips) 
AlexPinsk1: posts small blind $0.50
Diamondplaces: posts big blind $1
*** HOLE CARDS ***
sta$igk: folds 
radu10101: calls $1
michasia: folds 
z00mba: folds 
AlexPinsk1: calls $0.50
Diamondplaces: checks 
*** FLOP *** [4c Ks Kh]
AlexPinsk1: checks 
Diamondplaces: checks 
radu10101: checks 
*** TURN *** [4c Ks Kh] [2c]
AlexPinsk1: checks 
Diamondplaces: checks 
radu10101: bets $2
AlexPinsk1: folds 
Diamondplaces: folds 
Uncalled bet ($2) returned to radu10101
radu10101 collected $2.85 from pot
*** SUMMARY ***
Total pot $3 | Rake $0.15 
Board [4c Ks Kh 2c]
Seat 1: sta$igk folded before Flop (didn't bet)
Seat 2: radu10101 collected ($2.85)
Seat 3: michasia folded before Flop (didn't bet)
Seat 4: z00mba (button) folded before Flop (didn't bet)
Seat 5: AlexPinsk1 (small blind) folded on the Turn
Seat 6: Diamondplaces (big blind) folded on the Turn



PokerStars Hand #254486883832:  Hold'em No Limit ($0.50/$1.00 USD) - 2025/01/21 18:15:47 WET [2025/01/21 13:15:47 ET]
Table 'Decrux III' 6-max Seat #5 is the button
Seat 1: sta$igk ($101.50 in chips) 
Seat 2: radu10101 ($112.55 in chips) 
Seat 3: michasia ($116.47 in chips) 
Seat 4: z00mba ($120.22 in chips) 
Seat 5: AlexPinsk1 ($125.50 in chips) 
Seat 6: Diamondplaces ($14.50 in chips) 
Diamondplaces: posts small blind $0.50
sta$igk: posts big blind $1
*** HOLE CARDS ***
radu10101: calls $1
michasia: raises $3 to $4
z00mba: folds 
AlexPinsk1: folds 
Diamondplaces: folds 
sta$igk: folds 
radu10101: calls $3
*** FLOP *** [Ks 2h 6d]
radu10101: checks 
michasia: bets $2.98
radu10101: raises $2.98 to $5.96
michasia: folds 
Uncalled bet ($2.98) returned to radu10101
radu10101 collected $14.69 from pot
*** SUMMARY ***
Total pot $15.46 | Rake $0.77 
Board [Ks 2h 6d]
Seat 1: sta$igk (big blind) folded before Flop
Seat 2: radu10101 collected ($14.69)
Seat 3: michasia folded on the Flop
Seat 4: z00mba folded before Flop (didn't bet)
Seat 5: AlexPinsk1 (button) folded before Flop (didn't bet)
Seat 6: Diamondplaces (small blind) folded before Flop



PokerStars Hand #254486892926:  Hold'em No Limit ($0.50/$1.00 USD) - 2025/01/21 18:16:20 WET [2025/01/21 13:16:20 ET]
Table 'Decrux III' 6-max Seat #6 is the button
Seat 1: sta$igk ($100.50 in chips) 
Seat 2: radu10101 ($120.26 in chips) 
Seat 3: michasia ($109.49 in chips) 
Seat 4: z00mba ($120.22 in chips) 
Seat 5: AlexPinsk1 ($125.50 in chips) 
Seat 6: Diamondplaces ($14 in chips) 
sta$igk: posts small blind $0.50
radu10101: posts big blind $1
*** HOLE CARDS ***
michasia: folds 
z00mba: raises $1.50 to $2.50
AlexPinsk1: folds 
Diamondplaces: raises $11.50 to $14 and is all-in
sta$igk: folds 
radu10101: folds 
z00mba: calls $11.50
*** FLOP *** [8d 3c Td]
*** TURN *** [8d 3c Td] [Ac]
*** RIVER *** [8d 3c Td Ac] [Jh]
*** SHOW DOWN ***
z00mba: shows [Ad Ah] (three of a kind, Aces)
Diamondplaces: shows [9c 9s] (a pair of Nines)
z00mba collected $28.02 from pot
Diamondplaces cashed out the hand for $5.43 | Cash Out Fee $0.11
*** SUMMARY ***
Total pot $29.50 | Rake $1.48 
Board [8d 3c Td Ac Jh]
Seat 1: sta$igk (small blind) folded before Flop
Seat 2: radu10101 (big blind) folded before Flop
Seat 3: michasia folded before Flop (didn't bet)
Seat 4: z00mba showed [Ad Ah] and won ($28.02) with three of a kind, Aces
Seat 5: AlexPinsk1 folded before Flop (didn't bet)
Seat 6: Diamondplaces (button) showed [9c 9s] and lost with a pair of Nines (cashed out).



PokerStars Hand #254486901197:  Hold'em No Limit ($0.50/$1.00 USD) - 2025/01/21 18:16:50 WET [2025/01/21 13:16:50 ET]
Table 'Decrux III' 6-max Seat #1 is the button
Seat 1: sta$igk ($100 in chips) 
Seat 2: radu10101 ($119.26 in chips) 
Seat 3: michasia ($109.49 in chips) 
Seat 4: z00mba ($134.24 in chips) 
Seat 5: AlexPinsk1 ($125.50 in chips) 
Seat 6: Diamondplaces ($5.43 in chips) 
radu10101: posts small blind $0.50
michasia: posts big blind $1
*** HOLE CARDS ***
z00mba: folds 
AlexPinsk1: folds 
Diamondplaces: folds 
sta$igk: folds 
radu10101: calls $0.50
michasia: checks 
*** FLOP *** [6c 8s Th]
radu10101: checks 
michasia: bets $1.27
radu10101: folds 
Uncalled bet ($1.27) returned to michasia
michasia collected $1.90 from pot
michasia: doesn't show hand 
*** SUMMARY ***
Total pot $2 | Rake $0.10 
Board [6c 8s Th]
Seat 1: sta$igk (button) folded before Flop (didn't bet)
Seat 2: radu10101 (small blind) folded on the Flop
Seat 3: michasia (big blind) collected ($1.90)
Seat 4: z00mba folded before Flop (didn't bet)
Seat 5: AlexPinsk1 folded before Flop (didn't bet)
Seat 6: Diamondplaces folded before Flop (didn't bet)



PokerStars Hand #254486909022:  Hold'em No Limit ($0.50/$1.00 USD) - 2025/01/21 18:17:18 WET [2025/01/21 13:17:18 ET]
Table 'Decrux III' 6-max Seat #2 is the button
Seat 1: sta$igk ($100 in chips) 
Seat 2: radu10101 ($118.26 in chips) 
Seat 3: michasia ($110.39 in chips) 
Seat 4: z00mba ($134.24 in chips) 
Seat 5: AlexPinsk1 ($125.50 in chips) 
Seat 6: Diamondplaces ($5.43 in chips) 
michasia: posts small blind $0.50
z00mba: posts big blind $1
*** HOLE CARDS ***
AlexPinsk1: folds 
Diamondplaces: folds 
sta$igk: folds 
radu10101: folds 
michasia: folds 
Uncalled bet ($0.50) returned to z00mba
z00mba collected $1 from pot
z00mba: doesn't show hand 
*** SUMMARY ***
Total pot $1 | Rake $0 
Seat 1: sta$igk folded before Flop (didn't bet)
Seat 2: radu10101 (button) folded before Flop (didn't bet)
Seat 3: michasia (small blind) folded before Flop
Seat 4: z00mba (big blind) collected ($1)
Seat 5: AlexPinsk1 folded before Flop (didn't bet)
Seat 6: Diamondplaces folded before Flop (didn't bet)



PokerStars Hand #254486914482:  Hold'em No Limit ($0.50/$1.00 USD) - 2025/01/21 18:17:38 WET [2025/01/21 13:17:38 ET]
Table 'Decrux III' 6-max Seat #3 is the button
Seat 1: sta$igk ($100 in chips) 
Seat 2: radu10101 ($118.26 in chips) 
Seat 3: michasia ($109.89 in chips) 
Seat 4: z00mba ($134.74 in chips) 
Seat 5: AlexPinsk1 ($125.50 in chips) 
Seat 6: Diamondplaces ($5.43 in chips) 
z00mba: posts small blind $0.50
AlexPinsk1: posts big blind $1
*** HOLE CARDS ***
Diamondplaces: raises $4.43 to $5.43 and is all-in
sta$igk: folds 
radu10101: folds 
michasia: folds 
z00mba: folds 
AlexPinsk1: folds 
Uncalled bet ($4.43) returned to Diamondplaces
Diamondplaces collected $2.50 from pot
*** SUMMARY ***
Total pot $2.50 | Rake $0 
Seat 1: sta$igk folded before Flop (didn't bet)
Seat 2: radu10101 folded before Flop (didn't bet)
Seat 3: michasia (button) folded before Flop (didn't bet)
Seat 4: z00mba (small blind) folded before Flop
Seat 5: AlexPinsk1 (big blind) folded before Flop
Seat 6: Diamondplaces collected ($2.50)



PokerStars Hand #254486919794:  Hold'em No Limit ($0.50/$1.00 USD) - 2025/01/21 18:17:57 WET [2025/01/21 13:17:57 ET]
Table 'Decrux III' 6-max Seat #4 is the button
Seat 1: sta$igk ($100 in chips) 
Seat 2: radu10101 ($118.26 in chips) 
Seat 3: michasia ($109.89 in chips) 
Seat 4: z00mba ($134.24 in chips) 
Seat 5: AlexPinsk1 ($124.50 in chips) 
Seat 6: Diamondplaces ($6.93 in chips) 
AlexPinsk1: posts small blind $0.50
Diamondplaces: posts big blind $1
*** HOLE CARDS ***
sta$igk: folds 
radu10101: calls $1
michasia: folds 
z00mba: folds 
AlexPinsk1: calls $0.50
Diamondplaces: checks 
*** FLOP *** [Ad 7s 4s]
AlexPinsk1: checks 
Diamondplaces: bets $5.93 and is all-in
radu10101: folds 
AlexPinsk1: folds 
Uncalled bet ($5.93) returned to Diamondplaces
Diamondplaces collected $2.85 from pot
*** SUMMARY ***
Total pot $3 | Rake $0.15 
Board [Ad 7s 4s]
Seat 1: sta$igk folded before Flop (didn't bet)
Seat 2: radu10101 folded on the Flop
Seat 3: michasia folded before Flop (didn't bet)
Seat 4: z00mba (button) folded before Flop (didn't bet)
Seat 5: AlexPinsk1 (small blind) folded on the Flop
Seat 6: Diamondplaces (big blind) collected ($2.85)



PokerStars Hand #254486930966:  Hold'em No Limit ($0.50/$1.00 USD) - 2025/01/21 18:18:38 WET [2025/01/21 13:18:38 ET]
Table 'Decrux III' 6-max Seat #5 is the button
Seat 1: sta$igk ($100 in chips) 
Seat 2: radu10101 ($117.26 in chips) 
Seat 3: michasia ($109.89 in chips) 
Seat 4: z00mba ($134.24 in chips) 
Seat 5: AlexPinsk1 ($123.50 in chips) 
Seat 6: Diamondplaces ($8.78 in chips) 
Diamondplaces: posts small blind $0.50
sta$igk: posts big blind $1
*** HOLE CARDS ***
radu10101: folds 
michasia: folds 
z00mba: folds 
AlexPinsk1: folds 
Diamondplaces: raises $7.78 to $8.78 and is all-in
sta$igk: calls $7.78
*** FLOP *** [Kc 4h Ac]
*** TURN *** [Kc 4h Ac] [Qh]
*** RIVER *** [Kc 4h Ac Qh] [3h]
*** SHOW DOWN ***
Diamondplaces: shows [Kh 7d] (a pair of Kings)
sta$igk: shows [Ts Th] (a pair of Tens)
Diamondplaces cashed out the hand for $4.63 | Cash Out Fee $0.09
*** SUMMARY ***
Total pot $17.56 | Rake $0.88 
Board [Kc 4h Ac Qh 3h]
Seat 1: sta$igk (big blind) showed [Ts Th] and lost with a pair of Tens
Seat 2: radu10101 folded before Flop (didn't bet)
Seat 3: michasia folded before Flop (didn't bet)
Seat 4: z00mba folded before Flop (didn't bet)
Seat 5: AlexPinsk1 (button) folded before Flop (didn't bet)
Seat 6: Diamondplaces (small blind) showed [Kh 7d] and won ($16.68) with a pair of Kings (pot not awarded as player cashed out)



PokerStars Hand #254486941829:  Hold'em No Limit ($0.50/$1.00 USD) - 2025/01/21 18:19:18 WET [2025/01/21 13:19:18 ET]
Table 'Decrux III' 6-max Seat #6 is the button
Seat 1: sta$igk ($100 in chips) 
Seat 2: radu10101 ($117.26 in chips) 
Seat 3: michasia ($109.89 in chips) 
Seat 4: z00mba ($134.24 in chips) 
Seat 5: AlexPinsk1 ($123.50 in chips) 
Seat 6: Diamondplaces ($4.63 in chips) 
sta$igk: posts small blind $0.50
radu10101: posts big blind $1
*** HOLE CARDS ***
michasia: raises $1.60 to $2.60
z00mba: folds 
AlexPinsk1: raises $4.90 to $7.50
Diamondplaces: folds 
sta$igk: folds 
radu10101: folds 
michasia: calls $4.90
*** FLOP *** [8c Kd 4s]
michasia: checks 
AlexPinsk1: bets $5.17
michasia: folds 
Uncalled bet ($5.17) returned to AlexPinsk1
AlexPinsk1 collected $15.68 from pot
AlexPinsk1: doesn't show hand 
*** SUMMARY ***
Total pot $16.50 | Rake $0.82 
Board [8c Kd 4s]
Seat 1: sta$igk (small blind) folded before Flop
Seat 2: radu10101 (big blind) folded before Flop
Seat 3: michasia folded on the Flop
Seat 4: z00mba folded before Flop (didn't bet)
Seat 5: AlexPinsk1 collected ($15.68)
Seat 6: Diamondplaces (button) folded before Flop (didn't bet)



PokerStars Hand #254486951845:  Hold'em No Limit ($0.50/$1.00 USD) - 2025/01/21 18:19:55 WET [2025/01/21 13:19:55 ET]
Table 'Decrux III' 6-max Seat #1 is the button
Seat 1: sta$igk ($100 in chips) 
Seat 2: radu10101 ($116.26 in chips) 
Seat 3: michasia ($102.39 in chips) 
Seat 4: z00mba ($134.24 in chips) 
Seat 5: AlexPinsk1 ($131.68 in chips) 
Seat 6: Diamondplaces ($4.63 in chips) 
radu10101: posts small blind $0.50
michasia: posts big blind $1
*** HOLE CARDS ***
z00mba: folds 
AlexPinsk1: raises $1.50 to $2.50
Diamondplaces: folds 
sta$igk: folds 
radu10101: calls $2
michasia: calls $1.50
*** FLOP *** [Qd 2h Js]
radu10101: checks 
michasia: checks 
AlexPinsk1: bets $2.50
radu10101: raises $2.50 to $5
michasia: folds 
AlexPinsk1: calls $2.50
*** TURN *** [Qd 2h Js] [7h]
radu10101: bets $4
AlexPinsk1: folds 
Uncalled bet ($4) returned to radu10101
radu10101 collected $16.62 from pot
*** SUMMARY ***
Total pot $17.50 | Rake $0.88 
Board [Qd 2h Js 7h]
Seat 1: sta$igk (button) folded before Flop (didn't bet)
Seat 2: radu10101 (small blind) collected ($16.62)
Seat 3: michasia (big blind) folded on the Flop
Seat 4: z00mba folded before Flop (didn't bet)
Seat 5: AlexPinsk1 folded on the Turn
Seat 6: Diamondplaces folded before Flop (didn't bet)



PokerStars Hand #254486972348:  Hold'em No Limit ($0.50/$1.00 USD) - 2025/01/21 18:21:09 WET [2025/01/21 13:21:09 ET]
Table 'Decrux III' 6-max Seat #2 is the button
Seat 1: sta$igk ($100 in chips) 
Seat 2: radu10101 ($125.38 in chips) 
Seat 3: michasia ($100 in chips) 
Seat 4: z00mba ($134.24 in chips) 
Seat 5: AlexPinsk1 ($124.18 in chips) 
Seat 6: Diamondplaces ($4.63 in chips) 
michasia: posts small blind $0.50
z00mba: posts big blind $1
*** HOLE CARDS ***
AlexPinsk1: folds 
Diamondplaces: raises $3.63 to $4.63 and is all-in
sta$igk: raises $4.37 to $9
radu10101: folds 
michasia: folds 
z00mba: folds 
Uncalled bet ($4.37) returned to sta$igk
*** FLOP *** [8c Ac 2c]
*** TURN *** [8c Ac 2c] [Ad]
*** RIVER *** [8c Ac 2c Ad] [Qh]
*** SHOW DOWN ***
Diamondplaces: shows [Td Kh] (a pair of Aces)
sta$igk: shows [5h 5c] (two pair, Aces and Fives)
sta$igk collected $10.22 from pot
*** SUMMARY ***
Total pot $10.76 | Rake $0.54 
Board [8c Ac 2c Ad Qh]
Seat 1: sta$igk showed [5h 5c] and won ($10.22) with two pair, Aces and Fives
Seat 2: radu10101 (button) folded before Flop (didn't bet)
Seat 3: michasia (small blind) folded before Flop
Seat 4: z00mba (big blind) folded before Flop
Seat 5: AlexPinsk1 folded before Flop (didn't bet)
Seat 6: Diamondplaces showed [Td Kh] and lost with a pair of Aces



PokerStars Hand #254486981960:  Hold'em No Limit ($0.50/$1.00 USD) - 2025/01/21 18:21:44 WET [2025/01/21 13:21:44 ET]
Table 'Decrux III' 6-max Seat #3 is the button
Seat 6: Diamondplaces ($0 in chips) is sitting out
Seat 1: sta$igk ($105.59 in chips) 
Seat 2: radu10101 ($125.38 in chips) 
Seat 3: michasia ($100 in chips) 
Seat 4: z00mba ($133.24 in chips) 
Seat 5: AlexPinsk1 ($124.18 in chips) 
z00mba: posts small blind $0.50
AlexPinsk1: posts big blind $1
*** HOLE CARDS ***
sta$igk: folds 
Diamondplaces leaves the table
BoyLoc0 joins the table at seat #6 
radu10101: folds 
michasia: raises $1.80 to $2.80
z00mba: folds 
AlexPinsk1: calls $1.80
*** FLOP *** [7c Kd 4h]
AlexPinsk1: checks 
michasia: checks 
*** TURN *** [7c Kd 4h] [5c]
AlexPinsk1: checks 
michasia: checks 
*** RIVER *** [7c Kd 4h 5c] [Kh]
AlexPinsk1: bets $1.91
michasia: folds 
Uncalled bet ($1.91) returned to AlexPinsk1
AlexPinsk1 collected $5.80 from pot
AlexPinsk1: doesn't show hand 
*** SUMMARY ***
Total pot $6.10 | Rake $0.30 
Board [7c Kd 4h 5c Kh]
Seat 6: Diamondplaces
Seat 1: sta$igk folded before Flop (didn't bet)
Seat 2: radu10101 folded before Flop (didn't bet)
Seat 3: michasia (button) folded on the River
Seat 4: z00mba (small blind) folded before Flop
Seat 5: AlexPinsk1 (big blind) collected ($5.80)



PokerStars Hand #254487001272:  Hold'em No Limit ($0.50/$1.00 USD) - 2025/01/21 18:22:53 WET [2025/01/21 13:22:53 ET]
Table 'Decrux III' 6-max Seat #4 is the button
Seat 1: sta$igk ($105.59 in chips) 
Seat 2: radu10101 ($125.38 in chips) 
Seat 3: michasia ($100 in chips) 
Seat 4: z00mba ($132.74 in chips) 
Seat 5: AlexPinsk1 ($127.18 in chips) 
Seat 6: BoyLoc0 ($100 in chips) 
AlexPinsk1: posts small blind $0.50
BoyLoc0: posts big blind $1
*** HOLE CARDS ***
sta$igk: folds 
radu10101: folds 
michasia: folds 
z00mba: raises $1.50 to $2.50
AlexPinsk1: folds 
BoyLoc0: raises $10.50 to $13
z00mba: folds 
Uncalled bet ($10.50) returned to BoyLoc0
BoyLoc0 collected $5.50 from pot
BoyLoc0: doesn't show hand 
*** SUMMARY ***
Total pot $5.50 | Rake $0 
Seat 1: sta$igk folded before Flop (didn't bet)
Seat 2: radu10101 folded before Flop (didn't bet)
Seat 3: michasia folded before Flop (didn't bet)
Seat 4: z00mba (button) folded before Flop
Seat 5: AlexPinsk1 (small blind) folded before Flop
Seat 6: BoyLoc0 (big blind) collected ($5.50)



PokerStars Hand #254487009273:  Hold'em No Limit ($0.50/$1.00 USD) - 2025/01/21 18:23:22 WET [2025/01/21 13:23:22 ET]
Table 'Decrux III' 6-max Seat #5 is the button
Seat 1: sta$igk ($105.59 in chips) 
Seat 2: radu10101 ($125.38 in chips) 
Seat 3: michasia ($100 in chips) 
Seat 4: z00mba ($130.24 in chips) 
Seat 5: AlexPinsk1 ($126.68 in chips) 
Seat 6: BoyLoc0 ($103 in chips) 
BoyLoc0: posts small blind $0.50
sta$igk: posts big blind $1
*** HOLE CARDS ***
radu10101: folds 
michasia: folds 
z00mba: folds 
AlexPinsk1: folds 
BoyLoc0: folds 
Uncalled bet ($0.50) returned to sta$igk
sta$igk collected $1 from pot
sta$igk: doesn't show hand 
*** SUMMARY ***
Total pot $1 | Rake $0 
Seat 1: sta$igk (big blind) collected ($1)
Seat 2: radu10101 folded before Flop (didn't bet)
Seat 3: michasia folded before Flop (didn't bet)
Seat 4: z00mba folded before Flop (didn't bet)
Seat 5: AlexPinsk1 (button) folded before Flop (didn't bet)
Seat 6: BoyLoc0 (small blind) folded before Flop



PokerStars Hand #254487013054:  Hold'em No Limit ($0.50/$1.00 USD) - 2025/01/21 18:23:35 WET [2025/01/21 13:23:35 ET]
Table 'Decrux III' 6-max Seat #6 is the button
Seat 1: sta$igk ($106.09 in chips) 
Seat 2: radu10101 ($125.38 in chips) 
Seat 3: michasia ($100 in chips) 
Seat 4: z00mba ($130.24 in chips) 
Seat 5: AlexPinsk1 ($126.68 in chips) 
Seat 6: BoyLoc0 ($102.50 in chips) 
sta$igk: posts small blind $0.50
radu10101: posts big blind $1
*** HOLE CARDS ***
michasia: folds 
z00mba: folds 
AlexPinsk1: raises $1.50 to $2.50
BoyLoc0: raises $5 to $7.50
sta$igk: folds 
radu10101: folds 
AlexPinsk1: raises $12 to $19.50
BoyLoc0: calls $12
*** FLOP *** [Ac 9d 8d]
AlexPinsk1: bets $9.62
BoyLoc0: calls $9.62
*** TURN *** [Ac 9d 8d] [3h]
AlexPinsk1: checks 
BoyLoc0: bets $18.89
AlexPinsk1: folds 
Uncalled bet ($18.89) returned to BoyLoc0
BoyLoc0 collected $57.24 from pot
BoyLoc0: doesn't show hand 
*** SUMMARY ***
Total pot $59.74 | Rake $2.50 
Board [Ac 9d 8d 3h]
Seat 1: sta$igk (small blind) folded before Flop
Seat 2: radu10101 (big blind) folded before Flop
Seat 3: michasia folded before Flop (didn't bet)
Seat 4: z00mba folded before Flop (didn't bet)
Seat 5: AlexPinsk1 folded on the Turn
Seat 6: BoyLoc0 (button) collected ($57.24)



PokerStars Hand #254487036693:  Hold'em No Limit ($0.50/$1.00 USD) - 2025/01/21 18:25:00 WET [2025/01/21 13:25:00 ET]
Table 'Decrux III' 6-max Seat #1 is the button
Seat 1: sta$igk ($105.59 in chips) 
Seat 2: radu10101 ($124.38 in chips) 
Seat 3: michasia ($100 in chips) 
Seat 4: z00mba ($130.24 in chips) 
Seat 5: AlexPinsk1 ($100 in chips) 
Seat 6: BoyLoc0 ($130.62 in chips) 
radu10101: posts small blind $0.50
michasia: posts big blind $1
*** HOLE CARDS ***
z00mba: folds 
AlexPinsk1: raises $1.50 to $2.50
BoyLoc0: folds 
sta$igk: folds 
radu10101: folds 
michasia: calls $1.50
*** FLOP *** [As 6d Th]
michasia: checks 
AlexPinsk1: checks 
*** TURN *** [As 6d Th] [Jc]
michasia: checks 
AlexPinsk1: bets $3.92
michasia: folds 
Uncalled bet ($3.92) returned to AlexPinsk1
AlexPinsk1 collected $5.22 from pot
AlexPinsk1: doesn't show hand 
*** SUMMARY ***
Total pot $5.50 | Rake $0.28 
Board [As 6d Th Jc]
Seat 1: sta$igk (button) folded before Flop (didn't bet)
Seat 2: radu10101 (small blind) folded before Flop
Seat 3: michasia (big blind) folded on the Turn
Seat 4: z00mba folded before Flop (didn't bet)
Seat 5: AlexPinsk1 collected ($5.22)
Seat 6: BoyLoc0 folded before Flop (didn't bet)



PokerStars Hand #254487047037:  Hold'em No Limit ($0.50/$1.00 USD) - 2025/01/21 18:25:37 WET [2025/01/21 13:25:37 ET]
Table 'Decrux III' 6-max Seat #2 is the button
Seat 4: z00mba ($130.24 in chips) is sitting out
Seat 1: sta$igk ($105.59 in chips) 
Seat 2: radu10101 ($123.88 in chips) 
Seat 3: michasia ($100 in chips) 
Seat 6: BoyLoc0 ($130.62 in chips) 
michasia: posts small blind $0.50
z00mba: is sitting out 
BoyLoc0: posts big blind $1
*** HOLE CARDS ***
sta$igk: folds 
radu10101: raises $1 to $2
michasia: folds 
ptolejmus joins the table at seat #5 
BoyLoc0: folds 
Uncalled bet ($1) returned to radu10101
radu10101 collected $2.50 from pot
*** SUMMARY ***
Total pot $2.50 | Rake $0 
Seat 4: z00mba
Seat 1: sta$igk folded before Flop (didn't bet)
Seat 2: radu10101 (button) collected ($2.50)
Seat 3: michasia (small blind) folded before Flop
Seat 6: BoyLoc0 (big blind) folded before Flop



PokerStars Hand #254487053644:  Hold'em No Limit ($0.50/$1.00 USD) - 2025/01/21 18:26:00 WET [2025/01/21 13:26:00 ET]
Table 'Decrux III' 6-max Seat #3 is the button
Seat 4: z00mba ($130.24 in chips) is sitting out
Seat 5: ptolejmus ($10 in chips) is sitting out
Seat 1: sta$igk ($105.59 in chips) 
Seat 2: radu10101 ($125.38 in chips) 
Seat 3: michasia ($100 in chips) 
Seat 6: BoyLoc0 ($129.62 in chips) 
BoyLoc0: posts small blind $0.50
sta$igk: posts big blind $1
*** HOLE CARDS ***
radu10101: calls $1
michasia: folds 
BoyLoc0: folds 
sta$igk: checks 
*** FLOP *** [9d 9s Qs]
sta$igk: checks 
radu10101: bets $2
sta$igk: folds 
Uncalled bet ($2) returned to radu10101
radu10101 collected $2.38 from pot
*** SUMMARY ***
Total pot $2.50 | Rake $0.12 
Board [9d 9s Qs]
Seat 4: z00mba
Seat 5: ptolejmus
Seat 1: sta$igk (big blind) folded on the Flop
Seat 2: radu10101 collected ($2.38)
Seat 3: michasia (button) folded before Flop (didn't bet)
Seat 6: BoyLoc0 (small blind) folded before Flop



PokerStars Hand #254487063908:  Hold'em No Limit ($0.50/$1.00 USD) - 2025/01/21 18:26:37 WET [2025/01/21 13:26:37 ET]
Table 'Decrux III' 6-max Seat #6 is the button
Seat 4: z00mba ($130.24 in chips) is sitting out
Seat 5: ptolejmus ($10 in chips) is sitting out
Seat 1: sta$igk ($104.59 in chips) 
Seat 2: radu10101 ($126.76 in chips) 
Seat 3: michasia ($100 in chips) 
Seat 6: BoyLoc0 ($129.12 in chips) 
sta$igk: posts small blind $0.50
radu10101: posts big blind $1
ptolejmus: sits out 
*** HOLE CARDS ***
michasia: folds 
BoyLoc0: folds 
sta$igk: folds 
Uncalled bet ($0.50) returned to radu10101
radu10101 collected $1 from pot
*** SUMMARY ***
Total pot $1 | Rake $0 
Seat 4: z00mba
Seat 5: ptolejmus
Seat 1: sta$igk (small blind) folded before Flop
Seat 2: radu10101 (big blind) collected ($1)
Seat 3: michasia folded before Flop (didn't bet)
Seat 6: BoyLoc0 (button) folded before Flop (didn't bet)



PokerStars Hand #254487066741:  Hold'em No Limit ($0.50/$1.00 USD) - 2025/01/21 18:26:47 WET [2025/01/21 13:26:47 ET]
Table 'Decrux III' 6-max Seat #1 is the button
Seat 4: z00mba ($130.24 in chips) is sitting out
Seat 5: ptolejmus ($10 in chips) is sitting out
Seat 1: sta$igk ($104.09 in chips) 
Seat 2: radu10101 ($127.26 in chips) 
Seat 3: michasia ($100 in chips) 
Seat 6: BoyLoc0 ($129.12 in chips) 
radu10101: posts small blind $0.50
michasia: posts big blind $1
ptolejmus: sits out 
*** HOLE CARDS ***
BoyLoc0: folds 
sta$igk: raises $1.50 to $2.50
radu10101: calls $2
michasia: folds 
*** FLOP *** [Td 3s 4c]
radu10101: checks 
sta$igk: bets $8.55
radu10101: folds 
Uncalled bet ($8.55) returned to sta$igk
sta$igk collected $5.70 from pot
sta$igk: doesn't show hand 
*** SUMMARY ***
Total pot $6 | Rake $0.30 
Board [Td 3s 4c]
Seat 4: z00mba
Seat 5: ptolejmus
Seat 1: sta$igk (button) collected ($5.70)
Seat 2: radu10101 (small blind) folded on the Flop
Seat 3: michasia (big blind) folded before Flop
Seat 6: BoyLoc0 folded before Flop (didn't bet)



PokerStars Hand #254487077721:  Hold'em No Limit ($0.50/$1.00 USD) - 2025/01/21 18:27:25 WET [2025/01/21 13:27:25 ET]
Table 'Decrux III' 6-max Seat #2 is the button
Seat 4: z00mba ($130.24 in chips) is sitting out
Seat 1: sta$igk ($107.29 in chips) 
Seat 2: radu10101 ($124.76 in chips) 
Seat 3: michasia ($100 in chips) 
Seat 5: ptolejmus ($10 in chips) 
Seat 6: BoyLoc0 ($129.12 in chips) 
michasia: posts small blind $0.50
ptolejmus: posts big blind $1
*** HOLE CARDS ***
BoyLoc0: folds 
sta$igk: folds 
radu10101: calls $1
michasia: folds 
ptolejmus: checks 
*** FLOP *** [Qh Kc Js]
ptolejmus: checks 
radu10101: bets $1
ptolejmus: calls $1
*** TURN *** [Qh Kc Js] [Qc]
ptolejmus: bets $2.18
radu10101: calls $2.18
*** RIVER *** [Qh Kc Js Qc] [6h]
ptolejmus: bets $5.82 and is all-in
radu10101: folds 
Uncalled bet ($5.82) returned to ptolejmus
ptolejmus collected $8.42 from pot
*** SUMMARY ***
Total pot $8.86 | Rake $0.44 
Board [Qh Kc Js Qc 6h]
Seat 4: z00mba
Seat 1: sta$igk folded before Flop (didn't bet)
Seat 2: radu10101 (button) folded on the River
Seat 3: michasia (small blind) folded before Flop
Seat 5: ptolejmus (big blind) collected ($8.42)
Seat 6: BoyLoc0 folded before Flop (didn't bet)



PokerStars Hand #254487085608:  Hold'em No Limit ($0.50/$1.00 USD) - 2025/01/21 18:27:53 WET [2025/01/21 13:27:53 ET]
Table 'Decrux III' 6-max Seat #3 is the button
Seat 4: z00mba ($130.24 in chips) is sitting out
Seat 1: sta$igk ($107.29 in chips) 
Seat 2: radu10101 ($120.58 in chips) 
Seat 3: michasia ($100 in chips) 
Seat 5: ptolejmus ($14.24 in chips) 
Seat 6: BoyLoc0 ($129.12 in chips) 
ptolejmus: posts small blind $0.50
BoyLoc0: posts big blind $1
*** HOLE CARDS ***
sta$igk: folds 
radu10101: calls $1
michasia: folds 
ptolejmus: folds 
BoyLoc0: checks 
*** FLOP *** [8d Qc Ah]
BoyLoc0: checks 
radu10101: checks 
*** TURN *** [8d Qc Ah] [Th]
BoyLoc0: checks 
radu10101: bets $2
BoyLoc0: folds 
Uncalled bet ($2) returned to radu10101
radu10101 collected $2.38 from pot
*** SUMMARY ***
Total pot $2.50 | Rake $0.12 
Board [8d Qc Ah Th]
Seat 4: z00mba
Seat 1: sta$igk folded before Flop (didn't bet)
Seat 2: radu10101 collected ($2.38)
Seat 3: michasia (button) folded before Flop (didn't bet)
Seat 5: ptolejmus (small blind) folded before Flop
Seat 6: BoyLoc0 (big blind) folded on the Turn



PokerStars Hand #254487097567:  Hold'em No Limit ($0.50/$1.00 USD) - 2025/01/21 18:28:35 WET [2025/01/21 13:28:35 ET]
Table 'Decrux III' 6-max Seat #5 is the button
Seat 4: z00mba ($130.24 in chips) is sitting out
Seat 1: sta$igk ($107.29 in chips) 
Seat 2: radu10101 ($121.96 in chips) 
Seat 3: michasia ($100 in chips) 
Seat 5: ptolejmus ($13.74 in chips) 
Seat 6: BoyLoc0 ($128.12 in chips) 
BoyLoc0: posts small blind $0.50
sta$igk: posts big blind $1
z00mba: sits out 
*** HOLE CARDS ***
radu10101: calls $1
michasia: folds 
ptolejmus: folds 
BoyLoc0: raises $4 to $5
sta$igk: folds 
radu10101: folds 
Uncalled bet ($4) returned to BoyLoc0
BoyLoc0 collected $3 from pot
BoyLoc0: doesn't show hand 
*** SUMMARY ***
Total pot $3 | Rake $0 
Seat 4: z00mba
Seat 1: sta$igk (big blind) folded before Flop
Seat 2: radu10101 folded before Flop
Seat 3: michasia folded before Flop (didn't bet)
Seat 5: ptolejmus (button) folded before Flop (didn't bet)
Seat 6: BoyLoc0 (small blind) collected ($3)



PokerStars Hand #254487102752:  Hold'em No Limit ($0.50/$1.00 USD) - 2025/01/21 18:28:54 WET [2025/01/21 13:28:54 ET]
Table 'Decrux III' 6-max Seat #6 is the button
Seat 4: z00mba ($130.24 in chips) is sitting out
Seat 1: sta$igk ($106.29 in chips) 
Seat 2: radu10101 ($120.96 in chips) 
Seat 3: michasia ($100 in chips) 
Seat 5: ptolejmus ($13.74 in chips) 
Seat 6: BoyLoc0 ($130.12 in chips) 
sta$igk: posts small blind $0.50
radu10101: posts big blind $1
z00mba: sits out 
*** HOLE CARDS ***
michasia: folds 
ptolejmus: raises $1 to $2
BoyLoc0: folds 
sta$igk: folds 
radu10101: calls $1
*** FLOP *** [4h 2d Kc]
radu10101: checks 
ptolejmus: bets $1.16
radu10101: raises $1.16 to $2.32
ptolejmus: folds 
Uncalled bet ($1.16) returned to radu10101
radu10101 collected $6.48 from pot
*** SUMMARY ***
Total pot $6.82 | Rake $0.34 
Board [4h 2d Kc]
Seat 4: z00mba
Seat 1: sta$igk (small blind) folded before Flop
Seat 2: radu10101 (big blind) collected ($6.48)
Seat 3: michasia folded before Flop (didn't bet)
Seat 5: ptolejmus folded on the Flop
Seat 6: BoyLoc0 (button) folded before Flop (didn't bet)



PokerStars Hand #254487115179:  Hold'em No Limit ($0.50/$1.00 USD) - 2025/01/21 18:29:39 WET [2025/01/21 13:29:39 ET]
Table 'Decrux III' 6-max Seat #1 is the button
Seat 4: z00mba ($130.24 in chips) is sitting out
Seat 1: sta$igk ($105.79 in chips) 
Seat 2: radu10101 ($124.28 in chips) 
Seat 3: michasia ($100 in chips) 
Seat 5: ptolejmus ($10.58 in chips) 
Seat 6: BoyLoc0 ($130.12 in chips) 
radu10101: posts small blind $0.50
michasia: posts big blind $1
z00mba: sits out 
*** HOLE CARDS ***
ptolejmus: folds 
BoyLoc0: folds 
sta$igk: raises $1.50 to $2.50
radu10101: folds 
michasia: folds 
Uncalled bet ($1.50) returned to sta$igk
sta$igk collected $2.50 from pot
sta$igk: doesn't show hand 
*** SUMMARY ***
Total pot $2.50 | Rake $0 
Seat 4: z00mba
Seat 1: sta$igk (button) collected ($2.50)
Seat 2: radu10101 (small blind) folded before Flop
Seat 3: michasia (big blind) folded before Flop
Seat 5: ptolejmus folded before Flop (didn't bet)
Seat 6: BoyLoc0 folded before Flop (didn't bet)



PokerStars Hand #254487121072:  Hold'em No Limit ($0.50/$1.00 USD) - 2025/01/21 18:29:59 WET [2025/01/21 13:29:59 ET]
Table 'Decrux III' 6-max Seat #2 is the button
Seat 1: sta$igk ($107.29 in chips) 
Seat 2: radu10101 ($123.78 in chips) 
Seat 3: michasia ($100 in chips) 
Seat 4: z00mba ($130.24 in chips) 
Seat 5: ptolejmus ($10.58 in chips) 
Seat 6: BoyLoc0 ($130.12 in chips) 
michasia: posts small blind $0.50
z00mba: posts big blind $1
*** HOLE CARDS ***
ptolejmus: folds 
BoyLoc0: raises $1.50 to $2.50
sta$igk: folds 
radu10101: folds 
michasia: folds 
z00mba: calls $1.50
*** FLOP *** [7s 4s Kc]
z00mba: checks 
BoyLoc0: bets $3.92
z00mba: folds 
Uncalled bet ($3.92) returned to BoyLoc0
BoyLoc0 collected $5.22 from pot
BoyLoc0: doesn't show hand 
*** SUMMARY ***
Total pot $5.50 | Rake $0.28 
Board [7s 4s Kc]
Seat 1: sta$igk folded before Flop (didn't bet)
Seat 2: radu10101 (button) folded before Flop (didn't bet)
Seat 3: michasia (small blind) folded before Flop
Seat 4: z00mba (big blind) folded on the Flop
Seat 5: ptolejmus folded before Flop (didn't bet)
Seat 6: BoyLoc0 collected ($5.22)



PokerStars Hand #254487132258:  Hold'em No Limit ($0.50/$1.00 USD) - 2025/01/21 18:30:38 WET [2025/01/21 13:30:38 ET]
Table 'Decrux III' 6-max Seat #3 is the button
Seat 1: sta$igk ($107.29 in chips) 
Seat 2: radu10101 ($123.78 in chips) 
Seat 3: michasia ($100 in chips) 
Seat 4: z00mba ($127.74 in chips) 
Seat 5: ptolejmus ($10.58 in chips) 
Seat 6: BoyLoc0 ($132.84 in chips) 
z00mba: posts small blind $0.50
ptolejmus: posts big blind $1
*** HOLE CARDS ***
BoyLoc0: folds 
sta$igk: folds 
radu10101: calls $1
michasia: folds 
z00mba: folds 
ptolejmus: checks 
*** FLOP *** [Qd 6c 5s]
ptolejmus: checks 
radu10101: checks 
*** TURN *** [Qd 6c 5s] [Tc]
ptolejmus: checks 
radu10101: checks 
*** RIVER *** [Qd 6c 5s Tc] [2c]
ptolejmus: checks 
radu10101: bets $1
ptolejmus: calls $1
*** SHOW DOWN ***
radu10101: shows [2h Th] (two pair, Tens and Deuces)
ptolejmus: mucks hand 
radu10101 collected $4.28 from pot
*** SUMMARY ***
Total pot $4.50 | Rake $0.22 
Board [Qd 6c 5s Tc 2c]
Seat 1: sta$igk folded before Flop (didn't bet)
Seat 2: radu10101 showed [2h Th] and won ($4.28) with two pair, Tens and Deuces
Seat 3: michasia (button) folded before Flop (didn't bet)
Seat 4: z00mba (small blind) folded before Flop
Seat 5: ptolejmus (big blind) mucked
Seat 6: BoyLoc0 folded before Flop (didn't bet)



PokerStars Hand #254487150079:  Hold'em No Limit ($0.50/$1.00 USD) - 2025/01/21 18:31:40 WET [2025/01/21 13:31:40 ET]
Table 'Decrux III' 6-max Seat #4 is the button
Seat 1: sta$igk ($107.29 in chips) 
Seat 2: radu10101 ($126.06 in chips) 
Seat 3: michasia ($100 in chips) 
Seat 4: z00mba ($127.24 in chips) 
Seat 5: ptolejmus ($10 in chips) 
Seat 6: BoyLoc0 ($132.84 in chips) 
ptolejmus: posts small blind $0.50
BoyLoc0: posts big blind $1
*** HOLE CARDS ***
sta$igk: folds 
radu10101: calls $1
michasia: folds 
z00mba: folds 
ptolejmus: raises $9 to $10 and is all-in
BoyLoc0: calls $9
radu10101: folds 
*** FLOP *** [4c Kc Qh]
*** TURN *** [4c Kc Qh] [9s]
*** RIVER *** [4c Kc Qh 9s] [Jh]
*** SHOW DOWN ***
ptolejmus: shows [Ac 5d] (high card Ace)
BoyLoc0: shows [Td Ts] (a straight, Nine to King)
BoyLoc0 collected $19.95 from pot
*** SUMMARY ***
Total pot $21 | Rake $1.05 
Board [4c Kc Qh 9s Jh]
Seat 1: sta$igk folded before Flop (didn't bet)
Seat 2: radu10101 folded before Flop
Seat 3: michasia folded before Flop (didn't bet)
Seat 4: z00mba (button) folded before Flop (didn't bet)
Seat 5: ptolejmus (small blind) showed [Ac 5d] and lost with high card Ace
Seat 6: BoyLoc0 (big blind) showed [Td Ts] and won ($19.95) with a straight, Nine to King



PokerStars Hand #254487160296:  Hold'em No Limit ($0.50/$1.00 USD) - 2025/01/21 18:32:16 WET [2025/01/21 13:32:16 ET]
Table 'Decrux III' 6-max Seat #5 is the button
Seat 1: sta$igk ($107.29 in chips) 
Seat 2: radu10101 ($125.06 in chips) 
Seat 3: michasia ($100 in chips) 
Seat 4: z00mba ($127.24 in chips) 
Seat 5: ptolejmus ($10 in chips) 
Seat 6: BoyLoc0 ($142.79 in chips) 
BoyLoc0: posts small blind $0.50
sta$igk: posts big blind $1
*** HOLE CARDS ***
radu10101: calls $1
michasia: folds 
z00mba: folds 
ptolejmus: folds 
BoyLoc0: folds 
sta$igk: checks 
*** FLOP *** [Qd 7d 2c]
sta$igk: checks 
radu10101: checks 
*** TURN *** [Qd 7d 2c] [Tc]
sta$igk: bets $1.59
radu10101: folds 
Uncalled bet ($1.59) returned to sta$igk
sta$igk collected $2.38 from pot
sta$igk: doesn't show hand 
*** SUMMARY ***
Total pot $2.50 | Rake $0.12 
Board [Qd 7d 2c Tc]
Seat 1: sta$igk (big blind) collected ($2.38)
Seat 2: radu10101 folded on the Turn
Seat 3: michasia folded before Flop (didn't bet)
Seat 4: z00mba folded before Flop (didn't bet)
Seat 5: ptolejmus (button) folded before Flop (didn't bet)
Seat 6: BoyLoc0 (small blind) folded before Flop



PokerStars Hand #254487171288:  Hold'em No Limit ($0.50/$1.00 USD) - 2025/01/21 18:32:54 WET [2025/01/21 13:32:54 ET]
Table 'Decrux III' 6-max Seat #6 is the button
Seat 1: sta$igk ($108.67 in chips) 
Seat 2: radu10101 ($124.06 in chips) 
Seat 3: michasia ($100 in chips) 
Seat 4: z00mba ($127.24 in chips) 
Seat 5: ptolejmus ($10 in chips) 
Seat 6: BoyLoc0 ($142.29 in chips) 
sta$igk: posts small blind $0.50
radu10101: posts big blind $1
*** HOLE CARDS ***
michasia: folds 
z00mba: raises $1.50 to $2.50
ptolejmus: folds 
BoyLoc0: folds 
sta$igk: folds 
radu10101: folds 
Uncalled bet ($1.50) returned to z00mba
z00mba collected $2.50 from pot
z00mba: doesn't show hand 
*** SUMMARY ***
Total pot $2.50 | Rake $0 
Seat 1: sta$igk (small blind) folded before Flop
Seat 2: radu10101 (big blind) folded before Flop
Seat 3: michasia folded before Flop (didn't bet)
Seat 4: z00mba collected ($2.50)
Seat 5: ptolejmus folded before Flop (didn't bet)
Seat 6: BoyLoc0 (button) folded before Flop (didn't bet)



PokerStars Hand #254487177253:  Hold'em No Limit ($0.50/$1.00 USD) - 2025/01/21 18:33:15 WET [2025/01/21 13:33:15 ET]
Table 'Decrux III' 6-max Seat #1 is the button
Seat 1: sta$igk ($108.17 in chips) 
Seat 2: radu10101 ($123.06 in chips) 
Seat 3: michasia ($100 in chips) 
Seat 4: z00mba ($128.74 in chips) 
Seat 5: ptolejmus ($10 in chips) 
Seat 6: BoyLoc0 ($142.29 in chips) 
radu10101: posts small blind $0.50
michasia: posts big blind $1
*** HOLE CARDS ***
z00mba: folds 
ptolejmus: folds 
BoyLoc0: folds 
sta$igk: raises $1.50 to $2.50
radu10101: folds 
michasia: folds 
Uncalled bet ($1.50) returned to sta$igk
sta$igk collected $2.50 from pot
sta$igk: doesn't show hand 
*** SUMMARY ***
Total pot $2.50 | Rake $0 
Seat 1: sta$igk (button) collected ($2.50)
Seat 2: radu10101 (small blind) folded before Flop
Seat 3: michasia (big blind) folded before Flop
Seat 4: z00mba folded before Flop (didn't bet)
Seat 5: ptolejmus folded before Flop (didn't bet)
Seat 6: BoyLoc0 folded before Flop (didn't bet)



PokerStars Hand #254487183498:  Hold'em No Limit ($0.50/$1.00 USD) - 2025/01/21 18:33:37 WET [2025/01/21 13:33:37 ET]
Table 'Decrux III' 6-max Seat #2 is the button
Seat 1: sta$igk ($109.67 in chips) 
Seat 2: radu10101 ($122.56 in chips) 
Seat 3: michasia ($100 in chips) 
Seat 4: z00mba ($128.74 in chips) 
Seat 5: ptolejmus ($10 in chips) 
Seat 6: BoyLoc0 ($142.29 in chips) 
michasia: posts small blind $0.50
z00mba: posts big blind $1
*** HOLE CARDS ***
ptolejmus: folds 
BoyLoc0: folds 
sta$igk: raises $1.50 to $2.50
radu10101: raises $1.50 to $4
michasia: folds 
z00mba: folds 
sta$igk: calls $1.50
*** FLOP *** [5d 3c Jh]
sta$igk: checks 
radu10101: bets $4
sta$igk: calls $4
*** TURN *** [5d 3c Jh] [9c]
sta$igk: checks 
radu10101: checks 
*** RIVER *** [5d 3c Jh 9c] [2c]
sta$igk: bets $3.32
radu10101: raises $6.32 to $9.64
sta$igk: folds 
Uncalled bet ($6.32) returned to radu10101
radu10101 collected $22.93 from pot
*** SUMMARY ***
Total pot $24.14 | Rake $1.21 
Board [5d 3c Jh 9c 2c]
Seat 1: sta$igk folded on the River
Seat 2: radu10101 (button) collected ($22.93)
Seat 3: michasia (small blind) folded before Flop
Seat 4: z00mba (big blind) folded before Flop
Seat 5: ptolejmus folded before Flop (didn't bet)
Seat 6: BoyLoc0 folded before Flop (didn't bet)



PokerStars Hand #254487207883:  Hold'em No Limit ($0.50/$1.00 USD) - 2025/01/21 18:35:01 WET [2025/01/21 13:35:01 ET]
Table 'Decrux III' 6-max Seat #3 is the button
Seat 1: sta$igk ($100 in chips) 
Seat 2: radu10101 ($134.17 in chips) 
Seat 3: michasia ($100 in chips) 
Seat 4: z00mba ($127.74 in chips) 
Seat 5: ptolejmus ($10 in chips) 
Seat 6: BoyLoc0 ($142.29 in chips) 
z00mba: posts small blind $0.50
ptolejmus: posts big blind $1
*** HOLE CARDS ***
BoyLoc0: folds 
sta$igk: folds 
radu10101: calls $1
michasia: raises $2.50 to $3.50
z00mba: folds 
ptolejmus: folds 
radu10101: calls $2.50
*** FLOP *** [6h 7c 9d]
radu10101: bets $2
michasia: raises $4 to $6
radu10101: calls $4
*** TURN *** [6h 7c 9d] [3h]
radu10101: checks 
michasia: bets $24.35
radu10101: folds 
Uncalled bet ($24.35) returned to michasia
michasia collected $19.48 from pot
michasia: doesn't show hand 
*** SUMMARY ***
Total pot $20.50 | Rake $1.02 
Board [6h 7c 9d 3h]
Seat 1: sta$igk folded before Flop (didn't bet)
Seat 2: radu10101 folded on the Turn
Seat 3: michasia (button) collected ($19.48)
Seat 4: z00mba (small blind) folded before Flop
Seat 5: ptolejmus (big blind) folded before Flop
Seat 6: BoyLoc0 folded before Flop (didn't bet)



PokerStars Hand #254487222752:  Hold'em No Limit ($0.50/$1.00 USD) - 2025/01/21 18:35:52 WET [2025/01/21 13:35:52 ET]
Table 'Decrux III' 6-max Seat #4 is the button
Seat 1: sta$igk ($100 in chips) 
Seat 2: radu10101 ($124.67 in chips) 
Seat 3: michasia ($109.98 in chips) 
Seat 4: z00mba ($127.24 in chips) 
Seat 5: ptolejmus ($10 in chips) 
Seat 6: BoyLoc0 ($142.29 in chips) 
ptolejmus: posts small blind $0.50
BoyLoc0: posts big blind $1
*** HOLE CARDS ***
sta$igk: raises $1.50 to $2.50
radu10101: folds 
michasia: folds 
z00mba: folds 
ptolejmus: folds 
BoyLoc0: folds 
Uncalled bet ($1.50) returned to sta$igk
sta$igk collected $2.50 from pot
sta$igk: doesn't show hand 
*** SUMMARY ***
Total pot $2.50 | Rake $0 
Seat 1: sta$igk collected ($2.50)
Seat 2: radu10101 folded before Flop (didn't bet)
Seat 3: michasia folded before Flop (didn't bet)
Seat 4: z00mba (button) folded before Flop (didn't bet)
Seat 5: ptolejmus (small blind) folded before Flop
Seat 6: BoyLoc0 (big blind) folded before Flop



PokerStars Hand #254487230574:  Hold'em No Limit ($0.50/$1.00 USD) - 2025/01/21 18:36:19 WET [2025/01/21 13:36:19 ET]
Table 'Decrux III' 6-max Seat #5 is the button
Seat 1: sta$igk ($101.50 in chips) 
Seat 2: radu10101 ($124.67 in chips) 
Seat 3: michasia ($109.98 in chips) 
Seat 4: z00mba ($127.24 in chips) 
Seat 5: ptolejmus ($10 in chips) 
Seat 6: BoyLoc0 ($141.29 in chips) 
BoyLoc0: posts small blind $0.50
sta$igk: posts big blind $1
*** HOLE CARDS ***
radu10101: calls $1
michasia: folds 
z00mba: raises $2.50 to $3.50
ptolejmus: folds 
BoyLoc0: folds 
sta$igk: folds 
radu10101: folds 
Uncalled bet ($2.50) returned to z00mba
z00mba collected $3.50 from pot
z00mba: doesn't show hand 
*** SUMMARY ***
Total pot $3.50 | Rake $0 
Seat 1: sta$igk (big blind) folded before Flop
Seat 2: radu10101 folded before Flop
Seat 3: michasia folded before Flop (didn't bet)
Seat 4: z00mba collected ($3.50)
Seat 5: ptolejmus (button) folded before Flop (didn't bet)
Seat 6: BoyLoc0 (small blind) folded before Flop



PokerStars Hand #254487241090:  Hold'em No Limit ($0.50/$1.00 USD) - 2025/01/21 18:36:55 WET [2025/01/21 13:36:55 ET]
Table 'Decrux III' 6-max Seat #6 is the button
Seat 1: sta$igk ($100.50 in chips) 
Seat 2: radu10101 ($123.67 in chips) 
Seat 3: michasia ($109.98 in chips) 
Seat 4: z00mba ($129.74 in chips) 
Seat 5: ptolejmus ($10 in chips) 
Seat 6: BoyLoc0 ($140.79 in chips) 
sta$igk: posts small blind $0.50
radu10101: posts big blind $1
*** HOLE CARDS ***
michasia: folds 
z00mba: folds 
ptolejmus: folds 
BoyLoc0: folds 
sta$igk: raises $2 to $3
radu10101: calls $2
*** FLOP *** [4d Ad Js]
sta$igk: bets $1.88
radu10101: raises $1.88 to $3.76
sta$igk: calls $1.88
*** TURN *** [4d Ad Js] [5d]
sta$igk: checks 
radu10101: bets $4
sta$igk: calls $4
*** RIVER *** [4d Ad Js 5d] [5s]
sta$igk: checks 
radu10101: bets $7
sta$igk: raises $34.44 to $41.44
radu10101: calls $34.44
*** SHOW DOWN ***
sta$igk: shows [Ah 5h] (a full house, Fives full of Aces)
radu10101: mucks hand 
sta$igk collected $101.90 from pot
*** SUMMARY ***
Total pot $104.40 | Rake $2.50 
Board [4d Ad Js 5d 5s]
Seat 1: sta$igk (small blind) showed [Ah 5h] and won ($101.90) with a full house, Fives full of Aces
Seat 2: radu10101 (big blind) mucked
Seat 3: michasia folded before Flop (didn't bet)
Seat 4: z00mba folded before Flop (didn't bet)
Seat 5: ptolejmus folded before Flop (didn't bet)
Seat 6: BoyLoc0 (button) folded before Flop (didn't bet)



PokerStars Hand #254487262338:  Hold'em No Limit ($0.50/$1.00 USD) - 2025/01/21 18:38:07 WET [2025/01/21 13:38:07 ET]
Table 'Decrux III' 6-max Seat #1 is the button
Seat 1: sta$igk ($150.20 in chips) 
Seat 2: radu10101 ($71.47 in chips) 
Seat 3: michasia ($109.98 in chips) 
Seat 4: z00mba ($129.74 in chips) 
Seat 5: ptolejmus ($10 in chips) 
Seat 6: BoyLoc0 ($140.79 in chips) 
radu10101: posts small blind $0.50
michasia: posts big blind $1
*** HOLE CARDS ***
z00mba: folds 
ptolejmus: folds 
BoyLoc0: folds 
sta$igk: raises $1.50 to $2.50
radu10101: calls $2
michasia: folds 
*** FLOP *** [Qs 6c 6s]
radu10101: checks 
sta$igk: bets $1.88
radu10101: folds 
Uncalled bet ($1.88) returned to sta$igk
sta$igk collected $5.70 from pot
sta$igk: doesn't show hand 
*** SUMMARY ***
Total pot $6 | Rake $0.30 
Board [Qs 6c 6s]
Seat 1: sta$igk (button) collected ($5.70)
Seat 2: radu10101 (small blind) folded on the Flop
Seat 3: michasia (big blind) folded before Flop
Seat 4: z00mba folded before Flop (didn't bet)
Seat 5: ptolejmus folded before Flop (didn't bet)
Seat 6: BoyLoc0 folded before Flop (didn't bet)



PokerStars Hand #254487272247:  Hold'em No Limit ($0.50/$1.00 USD) - 2025/01/21 18:38:41 WET [2025/01/21 13:38:41 ET]
Table 'Decrux III' 6-max Seat #2 is the button
Seat 1: sta$igk ($153.40 in chips) 
Seat 2: radu10101 ($68.97 in chips) 
Seat 3: michasia ($108.98 in chips) 
Seat 4: z00mba ($129.74 in chips) 
Seat 5: ptolejmus ($10 in chips) 
Seat 6: BoyLoc0 ($140.79 in chips) 
michasia: posts small blind $0.50
z00mba: posts big blind $1
*** HOLE CARDS ***
ptolejmus: folds 
BoyLoc0: raises $1.50 to $2.50
sta$igk: folds 
radu10101: calls $2.50
michasia: folds 
z00mba: calls $1.50
*** FLOP *** [6c Ah 3h]
z00mba: checks 
BoyLoc0: checks 
radu10101: checks 
*** TURN *** [6c Ah 3h] [6h]
z00mba: checks 
BoyLoc0: checks 
radu10101: checks 
*** RIVER *** [6c Ah 3h 6h] [Jh]
z00mba: checks 
BoyLoc0: checks 
radu10101: checks 
*** SHOW DOWN ***
z00mba: shows [As 5h] (a flush, Ace high)
BoyLoc0: mucks hand 
radu10101: mucks hand 
z00mba collected $7.60 from pot
*** SUMMARY ***
Total pot $8 | Rake $0.40 
Board [6c Ah 3h 6h Jh]
Seat 1: sta$igk folded before Flop (didn't bet)
Seat 2: radu10101 (button) mucked
Seat 3: michasia (small blind) folded before Flop
Seat 4: z00mba (big blind) showed [As 5h] and won ($7.60) with a flush, Ace high
Seat 5: ptolejmus folded before Flop (didn't bet)
Seat 6: BoyLoc0 mucked



PokerStars Hand #254487283871:  Hold'em No Limit ($0.50/$1.00 USD) - 2025/01/21 18:39:20 WET [2025/01/21 13:39:20 ET]
Table 'Decrux III' 6-max Seat #4 is the button
Seat 3: michasia ($108.48 in chips) is sitting out
Seat 1: sta$igk ($153.40 in chips) 
Seat 2: radu10101 ($66.47 in chips) 
Seat 4: z00mba ($134.84 in chips) 
Seat 5: ptolejmus ($10 in chips) 
Seat 6: BoyLoc0 ($138.29 in chips) 
ptolejmus: posts small blind $0.50
BoyLoc0: posts big blind $1
*** HOLE CARDS ***
sta$igk: raises $1.50 to $2.50
radu10101: folds 
z00mba: folds 
ptolejmus: folds 
BoyLoc0: calls $1.50
*** FLOP *** [Ah Ac 7h]
BoyLoc0: checks 
sta$igk: bets $1.72
BoyLoc0: folds 
Uncalled bet ($1.72) returned to sta$igk
sta$igk collected $5.22 from pot
sta$igk: doesn't show hand 
*** SUMMARY ***
Total pot $5.50 | Rake $0.28 
Board [Ah Ac 7h]
Seat 3: michasia
Seat 1: sta$igk collected ($5.22)
Seat 2: radu10101 folded before Flop (didn't bet)
Seat 4: z00mba (button) folded before Flop (didn't bet)
Seat 5: ptolejmus (small blind) folded before Flop
Seat 6: BoyLoc0 (big blind) folded on the Flop



PokerStars Hand #254487292922:  Hold'em No Limit ($0.50/$1.00 USD) - 2025/01/21 18:39:51 WET [2025/01/21 13:39:51 ET]
Table 'Decrux III' 6-max Seat #5 is the button
Seat 3: michasia ($108.48 in chips) is sitting out
Seat 2: radu10101 ($66.47 in chips) 
Seat 4: z00mba ($134.84 in chips) 
Seat 5: ptolejmus ($10 in chips) 
Seat 6: BoyLoc0 ($135.79 in chips) 
BoyLoc0: posts small blind $0.50
radu10101: posts big blind $1
*** HOLE CARDS ***
z00mba: folds 
joaquin612 joins the table at seat #1 
ptolejmus: folds 
BoyLoc0: raises $2 to $3
radu10101: folds 
Uncalled bet ($2) returned to BoyLoc0
BoyLoc0 collected $2 from pot
BoyLoc0: doesn't show hand 
*** SUMMARY ***
Total pot $2 | Rake $0 
Seat 3: michasia
Seat 2: radu10101 (big blind) folded before Flop
Seat 4: z00mba folded before Flop (didn't bet)
Seat 5: ptolejmus (button) folded before Flop (didn't bet)
Seat 6: BoyLoc0 (small blind) collected ($2)



PokerStars Hand #254487300529:  Hold'em No Limit ($0.50/$1.00 USD) - 2025/01/21 18:40:18 WET [2025/01/21 13:40:18 ET]
Table 'Decrux III' 6-max Seat #6 is the button
Seat 1: joaquin612 ($100 in chips) is sitting out
Seat 3: michasia ($108.48 in chips) is sitting out
Seat 2: radu10101 ($65.47 in chips) 
Seat 4: z00mba ($134.84 in chips) 
Seat 5: ptolejmus ($10 in chips) 
Seat 6: BoyLoc0 ($136.79 in chips) 
radu10101: posts small blind $0.50
z00mba: posts big blind $1
*** HOLE CARDS ***
ptolejmus: folds 
BoyLoc0: raises $1.50 to $2.50
radu10101: folds 
z00mba: folds 
Uncalled bet ($1.50) returned to BoyLoc0
BoyLoc0 collected $2.50 from pot
BoyLoc0: doesn't show hand 
*** SUMMARY ***
Total pot $2.50 | Rake $0 
Seat 1: joaquin612
Seat 3: michasia
Seat 2: radu10101 (small blind) folded before Flop
Seat 4: z00mba (big blind) folded before Flop
Seat 5: ptolejmus folded before Flop (didn't bet)
Seat 6: BoyLoc0 (button) collected ($2.50)



PokerStars Hand #254487305726:  Hold'em No Limit ($0.50/$1.00 USD) - 2025/01/21 18:40:36 WET [2025/01/21 13:40:36 ET]
Table 'Decrux III' 6-max Seat #2 is the button
Seat 1: joaquin612 ($100 in chips) is sitting out
Seat 3: michasia ($108.48 in chips) is sitting out
Seat 2: radu10101 ($64.97 in chips) 
Seat 4: z00mba ($133.84 in chips) 
Seat 5: ptolejmus ($10 in chips) 
Seat 6: BoyLoc0 ($138.29 in chips) 
z00mba: posts small blind $0.50
ptolejmus: posts big blind $1
joaquin612: sits out 
*** HOLE CARDS ***
BoyLoc0: raises $1.50 to $2.50
radu10101: raises $1.50 to $4
z00mba: folds 
ptolejmus: folds 
BoyLoc0: calls $1.50
*** FLOP *** [Ah Kh 8s]
BoyLoc0: checks 
radu10101: bets $3
BoyLoc0: calls $3
*** TURN *** [Ah Kh 8s] [3h]
BoyLoc0: checks 
radu10101: bets $3
BoyLoc0: calls $3
*** RIVER *** [Ah Kh 8s 3h] [9c]
BoyLoc0: checks 
radu10101: bets $4
BoyLoc0: calls $4
*** SHOW DOWN ***
radu10101: shows [Ks Qs] (a pair of Kings)
BoyLoc0: shows [Jc Ac] (a pair of Aces)
BoyLoc0 collected $28.50 from pot
*** SUMMARY ***
Total pot $29.50 | Rake $1 
Board [Ah Kh 8s 3h 9c]
Seat 1: joaquin612
Seat 3: michasia
Seat 2: radu10101 (button) showed [Ks Qs] and lost with a pair of Kings
Seat 4: z00mba (small blind) folded before Flop
Seat 5: ptolejmus (big blind) folded before Flop
Seat 6: BoyLoc0 showed [Jc Ac] and won ($28.50) with a pair of Aces



PokerStars Hand #254487321149:  Hold'em No Limit ($0.50/$1.00 USD) - 2025/01/21 18:41:28 WET [2025/01/21 13:41:28 ET]
Table 'Decrux III' 6-max Seat #4 is the button
Seat 1: joaquin612 ($100 in chips) is sitting out
Seat 3: michasia ($108.48 in chips) is sitting out
Seat 2: radu10101 ($50.97 in chips) 
Seat 4: z00mba ($133.34 in chips) 
Seat 5: ptolejmus ($10 in chips) 
Seat 6: BoyLoc0 ($152.79 in chips) 
ptolejmus: posts small blind $0.50
BoyLoc0: posts big blind $1
joaquin612: sits out 
*** HOLE CARDS ***
radu10101: calls $1
z00mba: folds 
ptolejmus: folds 
BoyLoc0: checks 
*** FLOP *** [3s 7h 5d]
BoyLoc0: checks 
radu10101: checks 
*** TURN *** [3s 7h 5d] [5s]
BoyLoc0: checks 
radu10101: folds 
radu10101 leaves the table
BoyLoc0 collected $2.38 from pot
BoyLoc0: doesn't show hand 
*** SUMMARY ***
Total pot $2.50 | Rake $0.12 
Board [3s 7h 5d 5s]
Seat 1: joaquin612
Seat 3: michasia
Seat 2: radu10101 folded on the Turn
Seat 4: z00mba (button) folded before Flop (didn't bet)
Seat 5: ptolejmus (small blind) folded before Flop
Seat 6: BoyLoc0 (big blind) collected ($2.38)



PokerStars Hand #254487333358:  Hold'em No Limit ($0.50/$1.00 USD) - 2025/01/21 18:42:10 WET [2025/01/21 13:42:10 ET]
Table 'Decrux III' 6-max Seat #5 is the button
Seat 3: michasia ($108.48 in chips) is sitting out
Seat 1: joaquin612 ($100 in chips) 
Seat 4: z00mba ($133.34 in chips) 
Seat 5: ptolejmus ($10 in chips) 
Seat 6: BoyLoc0 ($154.17 in chips) 
BoyLoc0: posts small blind $0.50
joaquin612: posts big blind $1
*** HOLE CARDS ***
z00mba: folds 
ptolejmus: folds 
BoyLoc0: folds 
Uncalled bet ($0.50) returned to joaquin612
joaquin612 collected $1 from pot
joaquin612: doesn't show hand 
*** SUMMARY ***
Total pot $1 | Rake $0 
Seat 3: michasia
Seat 1: joaquin612 (big blind) collected ($1)
Seat 4: z00mba folded before Flop (didn't bet)
Seat 5: ptolejmus (button) folded before Flop (didn't bet)
Seat 6: BoyLoc0 (small blind) folded before Flop



PokerStars Hand #254487339737:  Hold'em No Limit ($0.50/$1.00 USD) - 2025/01/21 18:42:31 WET [2025/01/21 13:42:31 ET]
Table 'Decrux III' 6-max Seat #6 is the button
Seat 3: michasia ($108.48 in chips) is sitting out
Seat 4: z00mba ($133.34 in chips) is sitting out
Seat 1: joaquin612 ($100.50 in chips) 
Seat 5: ptolejmus ($10 in chips) 
Seat 6: BoyLoc0 ($153.67 in chips) 
joaquin612: posts small blind $0.50
z00mba: is sitting out 
ptolejmus: posts big blind $1
*** HOLE CARDS ***
BoyLoc0: raises $1.50 to $2.50
joaquin612: raises $8.50 to $11
ptolejmus: folds 
BoyLoc0: calls $8.50
*** FLOP *** [As 4s 2h]
joaquin612: bets $7.26
BoyLoc0: calls $7.26
*** TURN *** [As 4s 2h] [4d]
joaquin612: checks 
BoyLoc0: bets $12.05
z00mba leaves the table
joaquin612: raises $20 to $32.05
BoyLoc0: folds 
Uncalled bet ($20) returned to joaquin612
joaquin612 collected $60.62 from pot
joaquin612: doesn't show hand 
*** SUMMARY ***
Total pot $61.62 | Rake $1 
Board [As 4s 2h 4d]
Seat 3: michasia
Seat 4: z00mba
Seat 1: joaquin612 (small blind) collected ($60.62)
Seat 5: ptolejmus (big blind) folded before Flop
Seat 6: BoyLoc0 (button) folded on the Turn



PokerStars Hand #254487367846:  Hold'em No Limit ($0.50/$1.00 USD) - 2025/01/21 18:44:08 WET [2025/01/21 13:44:08 ET]
Table 'Decrux III' 6-max Seat #5 is the button
Seat 3: michasia ($108.48 in chips) is sitting out
Seat 6: BoyLoc0 ($123.36 in chips) is sitting out
Seat 1: joaquin612 ($130.81 in chips) 
Seat 5: ptolejmus ($10 in chips) 
ptolejmus: posts small blind $0.50
BoyLoc0: is sitting out 
joaquin612: posts big blind $1
*** HOLE CARDS ***
BoyLoc0 leaves the table
michasia leaves the table
ptolejmus: raises $9 to $10 and is all-in
joaquin612: folds 
Uncalled bet ($9) returned to ptolejmus
ptolejmus collected $2 from pot
*** SUMMARY ***
Total pot $2 | Rake $0 
Seat 3: michasia
Seat 6: BoyLoc0
Seat 1: joaquin612 (big blind) folded before Flop
Seat 5: ptolejmus (button) (small blind) collected ($2)



