PokerStars Hand #254490893248:  Hold'em No Limit ($0.50/$1.00 USD) - 2025/01/21 22:06:28 WET [2025/01/21 17:06:28 ET]
Table 'Subamara IV' 6-max Seat #1 is the button
Seat 1: I TAKE IT 85 ($100 in chips) 
Seat 3: nikalas22 ($100 in chips) 
Seat 5: Nicedaymybro ($100 in chips) 
nikalas22: posts small blind $0.50
Nicedaymybro: posts big blind $1
*** HOLE CARDS ***
I TAKE IT 85: folds 
nikalas22: folds 
Uncalled bet ($0.50) returned to Nicedaymybro
Nicedaymybro collected $1 from pot
Nicedaymybro: doesn't show hand 
*** SUMMARY ***
Total pot $1 | Rake $0 
Seat 1: I TAKE IT 85 (button) folded before Flop (didn't bet)
Seat 3: nikalas22 (small blind) folded before Flop
Seat 5: Nicedaymybro (big blind) collected ($1)



PokerStars Hand #254490895741:  Hold'em No Limit ($0.50/$1.00 USD) - 2025/01/21 22:06:37 WET [2025/01/21 17:06:37 ET]
Table 'Subamara IV' 6-max Seat #3 is the button
Seat 1: I TAKE IT 85 ($100 in chips) 
Seat 3: nikalas22 ($100 in chips) 
Seat 5: Nicedaymybro ($100.50 in chips) 
Nicedaymybro: posts small blind $0.50
I TAKE IT 85: posts big blind $1
*** HOLE CARDS ***
nikalas22: raises $1.50 to $2.50
Nicedaymybro: raises $8.50 to $11
I TAKE IT 85: folds 
nikalas22: raises $89 to $100 and is all-in
Nicedaymybro: folds 
Uncalled bet ($89) returned to nikalas22
nikalas22 collected $23 from pot
nikalas22: doesn't show hand 
*** SUMMARY ***
Total pot $23 | Rake $0 
Seat 1: I TAKE IT 85 (big blind) folded before Flop
Seat 3: nikalas22 (button) collected ($23)
Seat 5: Nicedaymybro (small blind) folded before Flop



PokerStars Hand #254490901257:  Hold'em No Limit ($0.50/$1.00 USD) - 2025/01/21 22:06:56 WET [2025/01/21 17:06:56 ET]
Table 'Subamara IV' 6-max Seat #5 is the button
Seat 1: I TAKE IT 85 ($100 in chips) 
Seat 3: nikalas22 ($112 in chips) 
Seat 5: Nicedaymybro ($100 in chips) 
I TAKE IT 85: posts small blind $0.50
nikalas22: posts big blind $1
*** HOLE CARDS ***
Nicedaymybro: raises $1.50 to $2.50
I TAKE IT 85: folds 
nikalas22: folds 
Uncalled bet ($1.50) returned to Nicedaymybro
Nicedaymybro collected $2.50 from pot
Nicedaymybro: doesn't show hand 
*** SUMMARY ***
Total pot $2.50 | Rake $0 
Seat 1: I TAKE IT 85 (small blind) folded before Flop
Seat 3: nikalas22 (big blind) folded before Flop
Seat 5: Nicedaymybro (button) collected ($2.50)



PokerStars Hand #254490904670:  Hold'em No Limit ($0.50/$1.00 USD) - 2025/01/21 22:07:08 WET [2025/01/21 17:07:08 ET]
Table 'Subamara IV' 6-max Seat #1 is the button
Seat 1: I TAKE IT 85 ($100 in chips) 
Seat 3: nikalas22 ($111 in chips) 
Seat 5: Nicedaymybro ($101.50 in chips) 
nikalas22: posts small blind $0.50
Nicedaymybro: posts big blind $1
*** HOLE CARDS ***
I TAKE IT 85: folds 
nikalas22: folds 
Uncalled bet ($0.50) returned to Nicedaymybro
Nicedaymybro collected $1 from pot
Nicedaymybro: doesn't show hand 
*** SUMMARY ***
Total pot $1 | Rake $0 
Seat 1: I TAKE IT 85 (button) folded before Flop (didn't bet)
Seat 3: nikalas22 (small blind) folded before Flop
Seat 5: Nicedaymybro (big blind) collected ($1)



PokerStars Hand #254490906776:  Hold'em No Limit ($0.50/$1.00 USD) - 2025/01/21 22:07:16 WET [2025/01/21 17:07:16 ET]
Table 'Subamara IV' 6-max Seat #3 is the button
Seat 1: I TAKE IT 85 ($100 in chips) 
Seat 3: nikalas22 ($110.50 in chips) 
Seat 5: Nicedaymybro ($102 in chips) 
Nicedaymybro: posts small blind $0.50
I TAKE IT 85: posts big blind $1
*** HOLE CARDS ***
nikalas22: raises $1.50 to $2.50
Nicedaymybro: folds 
I TAKE IT 85: calls $1.50
*** FLOP *** [5c Kh Qc]
I TAKE IT 85: checks 
nikalas22: checks 
*** TURN *** [5c Kh Qc] [As]
I TAKE IT 85: bets $6.84
nikalas22: folds 
Uncalled bet ($6.84) returned to I TAKE IT 85
I TAKE IT 85 collected $5.22 from pot
I TAKE IT 85: doesn't show hand 
*** SUMMARY ***
Total pot $5.50 | Rake $0.28 
Board [5c Kh Qc As]
Seat 1: I TAKE IT 85 (big blind) collected ($5.22)
Seat 3: nikalas22 (button) folded on the Turn
Seat 5: Nicedaymybro (small blind) folded before Flop



PokerStars Hand #254490917116:  Hold'em No Limit ($0.50/$1.00 USD) - 2025/01/21 22:07:52 WET [2025/01/21 17:07:52 ET]
Table 'Subamara IV' 6-max Seat #5 is the button
Seat 1: I TAKE IT 85 ($102.72 in chips) 
Seat 3: nikalas22 ($108 in chips) 
Seat 5: Nicedaymybro ($101.50 in chips) 
I TAKE IT 85: posts small blind $0.50
nikalas22: posts big blind $1
*** HOLE CARDS ***
Nicedaymybro: folds 
I TAKE IT 85: folds 
Uncalled bet ($0.50) returned to nikalas22
nikalas22 collected $1 from pot
nikalas22: doesn't show hand 
*** SUMMARY ***
Total pot $1 | Rake $0 
Seat 1: I TAKE IT 85 (small blind) folded before Flop
Seat 3: nikalas22 (big blind) collected ($1)
Seat 5: Nicedaymybro (button) folded before Flop (didn't bet)



PokerStars Hand #254490918784:  Hold'em No Limit ($0.50/$1.00 USD) - 2025/01/21 22:07:58 WET [2025/01/21 17:07:58 ET]
Table 'Subamara IV' 6-max Seat #1 is the button
Seat 1: I TAKE IT 85 ($102.22 in chips) 
Seat 3: nikalas22 ($108.50 in chips) 
Seat 5: Nicedaymybro ($101.50 in chips) 
nikalas22: posts small blind $0.50
Nicedaymybro: posts big blind $1
*** HOLE CARDS ***
I TAKE IT 85: raises $1.05 to $2.05
nikalas22: folds 
Nicedaymybro: calls $1.05
*** FLOP *** [Td 7h 4d]
Nicedaymybro: checks 
I TAKE IT 85: bets $3.45
Nicedaymybro: raises $7.55 to $11
I TAKE IT 85: folds 
Uncalled bet ($7.55) returned to Nicedaymybro
Nicedaymybro collected $10.92 from pot
Nicedaymybro: doesn't show hand 
*** SUMMARY ***
Total pot $11.50 | Rake $0.58 
Board [Td 7h 4d]
Seat 1: I TAKE IT 85 (button) folded on the Flop
Seat 3: nikalas22 (small blind) folded before Flop
Seat 5: Nicedaymybro (big blind) collected ($10.92)



PokerStars Hand #254490927486:  Hold'em No Limit ($0.50/$1.00 USD) - 2025/01/21 22:08:28 WET [2025/01/21 17:08:28 ET]
Table 'Subamara IV' 6-max Seat #3 is the button
Seat 1: I TAKE IT 85 ($100 in chips) 
Seat 3: nikalas22 ($108 in chips) 
Seat 5: Nicedaymybro ($106.92 in chips) 
Nicedaymybro: posts small blind $0.50
I TAKE IT 85: posts big blind $1
*** HOLE CARDS ***
nikalas22: folds 
Nicedaymybro: folds 
Uncalled bet ($0.50) returned to I TAKE IT 85
I TAKE IT 85 collected $1 from pot
I TAKE IT 85: doesn't show hand 
*** SUMMARY ***
Total pot $1 | Rake $0 
Seat 1: I TAKE IT 85 (big blind) collected ($1)
Seat 3: nikalas22 (button) folded before Flop (didn't bet)
Seat 5: Nicedaymybro (small blind) folded before Flop



PokerStars Hand #254490929361:  Hold'em No Limit ($0.50/$1.00 USD) - 2025/01/21 22:08:35 WET [2025/01/21 17:08:35 ET]
Table 'Subamara IV' 6-max Seat #5 is the button
Seat 1: I TAKE IT 85 ($100.50 in chips) 
Seat 3: nikalas22 ($108 in chips) 
Seat 5: Nicedaymybro ($106.42 in chips) 
I TAKE IT 85: posts small blind $0.50
nikalas22: posts big blind $1
*** HOLE CARDS ***
Nicedaymybro: raises $1.50 to $2.50
Calabazaking joins the table at seat #2 
I TAKE IT 85: raises $7.50 to $10
nikalas22: folds 
Nicedaymybro: raises $12.50 to $22.50
I TAKE IT 85: raises $78 to $100.50 and is all-in
Nicedaymybro: calls $78
*** FLOP *** [3d 2d 6h]
*** TURN *** [3d 2d 6h] [5h]
*** RIVER *** [3d 2d 6h 5h] [8h]
*** SHOW DOWN ***
I TAKE IT 85: shows [Kc Ks] (a pair of Kings)
Nicedaymybro: shows [Qd Qc] (a pair of Queens)
I TAKE IT 85 collected $201 from pot
*** SUMMARY ***
Total pot $202 | Rake $1 
Board [3d 2d 6h 5h 8h]
Seat 1: I TAKE IT 85 (small blind) showed [Kc Ks] and won ($201) with a pair of Kings
Seat 3: nikalas22 (big blind) folded before Flop
Seat 5: Nicedaymybro (button) showed [Qd Qc] and lost with a pair of Queens



PokerStars Hand #254490939615:  Hold'em No Limit ($0.50/$1.00 USD) - 2025/01/21 22:09:11 WET [2025/01/21 17:09:11 ET]
Table 'Subamara IV' 6-max Seat #1 is the button
Seat 2: Calabazaking ($100 in chips) is sitting out
Seat 1: I TAKE IT 85 ($201 in chips) 
Seat 3: nikalas22 ($107 in chips) 
Seat 5: Nicedaymybro ($100 in chips) 
nikalas22: posts small blind $0.50
Nicedaymybro: posts big blind $1
*** HOLE CARDS ***
I TAKE IT 85: raises $1.05 to $2.05
nikalas22: raises $8.95 to $11
Nicedaymybro: folds 
I TAKE IT 85: folds 
Uncalled bet ($8.95) returned to nikalas22
nikalas22 collected $5.10 from pot
nikalas22: doesn't show hand 
*** SUMMARY ***
Total pot $5.10 | Rake $0 
Seat 2: Calabazaking
Seat 1: I TAKE IT 85 (button) folded before Flop
Seat 3: nikalas22 (small blind) collected ($5.10)
Seat 5: Nicedaymybro (big blind) folded before Flop



PokerStars Hand #254490943283:  Hold'em No Limit ($0.50/$1.00 USD) - 2025/01/21 22:09:24 WET [2025/01/21 17:09:24 ET]
Table 'Subamara IV' 6-max Seat #3 is the button
Seat 2: Calabazaking ($100 in chips) is sitting out
Seat 1: I TAKE IT 85 ($198.95 in chips) 
Seat 3: nikalas22 ($110.05 in chips) 
Seat 5: Nicedaymybro ($100 in chips) 
Nicedaymybro: posts small blind $0.50
I TAKE IT 85: posts big blind $1
Calabazaking: sits out 
*** HOLE CARDS ***
nikalas22: folds 
Nicedaymybro: raises $2 to $3
I TAKE IT 85: folds 
Uncalled bet ($2) returned to Nicedaymybro
Nicedaymybro collected $2 from pot
Nicedaymybro: doesn't show hand 
*** SUMMARY ***
Total pot $2 | Rake $0 
Seat 2: Calabazaking
Seat 1: I TAKE IT 85 (big blind) folded before Flop
Seat 3: nikalas22 (button) folded before Flop (didn't bet)
Seat 5: Nicedaymybro (small blind) collected ($2)



PokerStars Hand #254490946084:  Hold'em No Limit ($0.50/$1.00 USD) - 2025/01/21 22:09:34 WET [2025/01/21 17:09:34 ET]
Table 'Subamara IV' 6-max Seat #5 is the button
Seat 1: I TAKE IT 85 ($197.95 in chips) 
Seat 2: Calabazaking ($100 in chips) 
Seat 3: nikalas22 ($110.05 in chips) 
Seat 5: Nicedaymybro ($101 in chips) 
I TAKE IT 85: posts small blind $0.50
Calabazaking: posts big blind $1
*** HOLE CARDS ***
nikalas22: raises $1.50 to $2.50
Nicedaymybro: folds 
I TAKE IT 85: raises $7.50 to $10
Calabazaking: folds 
nikalas22: folds 
Uncalled bet ($7.50) returned to I TAKE IT 85
I TAKE IT 85 collected $6 from pot
I TAKE IT 85: doesn't show hand 
*** SUMMARY ***
Total pot $6 | Rake $0 
Seat 1: I TAKE IT 85 (small blind) collected ($6)
Seat 2: Calabazaking (big blind) folded before Flop
Seat 3: nikalas22 folded before Flop
Seat 5: Nicedaymybro (button) folded before Flop (didn't bet)



PokerStars Hand #254490951175:  Hold'em No Limit ($0.50/$1.00 USD) - 2025/01/21 22:09:52 WET [2025/01/21 17:09:52 ET]
Table 'Subamara IV' 6-max Seat #1 is the button
Seat 3: nikalas22 ($107.55 in chips) is sitting out
Seat 1: I TAKE IT 85 ($201.45 in chips) 
Seat 2: Calabazaking ($100 in chips) 
Seat 5: Nicedaymybro ($101 in chips) 
Calabazaking: posts small blind $0.50
nikalas22: is sitting out 
Nicedaymybro: posts big blind $1
*** HOLE CARDS ***
nikalas22 leaves the table
I TAKE IT 85: folds 
Calabazaking: raises $2 to $3
Nicedaymybro: folds 
Uncalled bet ($2) returned to Calabazaking
Calabazaking collected $2 from pot
*** SUMMARY ***
Total pot $2 | Rake $0 
Seat 3: nikalas22
Seat 1: I TAKE IT 85 (button) folded before Flop (didn't bet)
Seat 2: Calabazaking (small blind) collected ($2)
Seat 5: Nicedaymybro (big blind) folded before Flop



PokerStars Hand #254490955756:  Hold'em No Limit ($0.50/$1.00 USD) - 2025/01/21 22:10:08 WET [2025/01/21 17:10:08 ET]
Table 'Subamara IV' 6-max Seat #2 is the button
Seat 1: I TAKE IT 85 ($201.45 in chips) 
Seat 2: Calabazaking ($101 in chips) 
Seat 5: Nicedaymybro ($100 in chips) 
Nicedaymybro: posts small blind $0.50
I TAKE IT 85: posts big blind $1
*** HOLE CARDS ***
Calabazaking: raises $1.50 to $2.50
Nicedaymybro: folds 
I TAKE IT 85: folds 
Uncalled bet ($1.50) returned to Calabazaking
Calabazaking collected $2.50 from pot
*** SUMMARY ***
Total pot $2.50 | Rake $0 
Seat 1: I TAKE IT 85 (big blind) folded before Flop
Seat 2: Calabazaking (button) collected ($2.50)
Seat 5: Nicedaymybro (small blind) folded before Flop



PokerStars Hand #254490959839:  Hold'em No Limit ($0.50/$1.00 USD) - 2025/01/21 22:10:23 WET [2025/01/21 17:10:23 ET]
Table 'Subamara IV' 6-max Seat #5 is the button
Seat 1: I TAKE IT 85 ($200.45 in chips) 
Seat 2: Calabazaking ($102.50 in chips) 
Seat 5: Nicedaymybro ($100 in chips) 
I TAKE IT 85: posts small blind $0.50
Calabazaking: posts big blind $1
*** HOLE CARDS ***
Nicedaymybro: folds 
I TAKE IT 85: raises $2 to $3
Calabazaking: calls $2
*** FLOP *** [Kd Td Tc]
I TAKE IT 85: bets $1.88
Calabazaking: calls $1.88
*** TURN *** [Kd Td Tc] [5s]
I TAKE IT 85: bets $4.64
Calabazaking: calls $4.64
*** RIVER *** [Kd Td Tc 5s] [Th]
I TAKE IT 85: bets $6.87
Calabazaking: calls $6.87
*** SHOW DOWN ***
I TAKE IT 85: shows [9c Jh] (three of a kind, Tens)
Calabazaking: shows [Ks 8s] (a full house, Tens full of Kings)
Calabazaking collected $31.78 from pot
*** SUMMARY ***
Total pot $32.78 | Rake $1 
Board [Kd Td Tc 5s Th]
Seat 1: I TAKE IT 85 (small blind) showed [9c Jh] and lost with three of a kind, Tens
Seat 2: Calabazaking (big blind) showed [Ks 8s] and won ($31.78) with a full house, Tens full of Kings
Seat 5: Nicedaymybro (button) folded before Flop (didn't bet)



PokerStars Hand #254490970793:  Hold'em No Limit ($0.50/$1.00 USD) - 2025/01/21 22:11:01 WET [2025/01/21 17:11:01 ET]
Table 'Subamara IV' 6-max Seat #1 is the button
Seat 1: I TAKE IT 85 ($184.06 in chips) 
Seat 2: Calabazaking ($117.89 in chips) 
Seat 5: Nicedaymybro ($100 in chips) 
Calabazaking: posts small blind $0.50
Nicedaymybro: posts big blind $1
*** HOLE CARDS ***
I TAKE IT 85: folds 
Calabazaking: raises $2 to $3
Nicedaymybro: calls $2
*** FLOP *** [5h 9s 9d]
Calabazaking: checks 
Nicedaymybro: checks 
*** TURN *** [5h 9s 9d] [8c]
Calabazaking: bets $3.14
Nicedaymybro: folds 
Uncalled bet ($3.14) returned to Calabazaking
Calabazaking collected $5.70 from pot
*** SUMMARY ***
Total pot $6 | Rake $0.30 
Board [5h 9s 9d 8c]
Seat 1: I TAKE IT 85 (button) folded before Flop (didn't bet)
Seat 2: Calabazaking (small blind) collected ($5.70)
Seat 5: Nicedaymybro (big blind) folded on the Turn



PokerStars Hand #254490982861:  Hold'em No Limit ($0.50/$1.00 USD) - 2025/01/21 22:11:43 WET [2025/01/21 17:11:43 ET]
Table 'Subamara IV' 6-max Seat #2 is the button
Seat 1: I TAKE IT 85 ($184.06 in chips) 
Seat 2: Calabazaking ($120.59 in chips) 
Seat 5: Nicedaymybro ($100 in chips) 
Nicedaymybro: posts small blind $0.50
I TAKE IT 85: posts big blind $1
*** HOLE CARDS ***
Calabazaking: folds 
Nicedaymybro: raises $2 to $3
I TAKE IT 85: raises $7 to $10
Nicedaymybro: folds 
Uncalled bet ($7) returned to I TAKE IT 85
I TAKE IT 85 collected $6 from pot
I TAKE IT 85: doesn't show hand 
*** SUMMARY ***
Total pot $6 | Rake $0 
Seat 1: I TAKE IT 85 (big blind) collected ($6)
Seat 2: Calabazaking (button) folded before Flop (didn't bet)
Seat 5: Nicedaymybro (small blind) folded before Flop



PokerStars Hand #254490987302:  Hold'em No Limit ($0.50/$1.00 USD) - 2025/01/21 22:11:59 WET [2025/01/21 17:11:59 ET]
Table 'Subamara IV' 6-max Seat #5 is the button
Seat 1: I TAKE IT 85 ($187.06 in chips) 
Seat 2: Calabazaking ($120.59 in chips) 
Seat 5: Nicedaymybro ($100 in chips) 
I TAKE IT 85: posts small blind $0.50
Calabazaking: posts big blind $1
*** HOLE CARDS ***
Nicedaymybro: folds 
I TAKE IT 85: folds 
Uncalled bet ($0.50) returned to Calabazaking
Calabazaking collected $1 from pot
*** SUMMARY ***
Total pot $1 | Rake $0 
Seat 1: I TAKE IT 85 (small blind) folded before Flop
Seat 2: Calabazaking (big blind) collected ($1)
Seat 5: Nicedaymybro (button) folded before Flop (didn't bet)



PokerStars Hand #254490989362:  Hold'em No Limit ($0.50/$1.00 USD) - 2025/01/21 22:12:06 WET [2025/01/21 17:12:06 ET]
Table 'Subamara IV' 6-max Seat #1 is the button
Seat 1: I TAKE IT 85 ($186.56 in chips) 
Seat 2: Calabazaking ($121.09 in chips) 
Seat 5: Nicedaymybro ($100 in chips) 
Calabazaking: posts small blind $0.50
Nicedaymybro: posts big blind $1
*** HOLE CARDS ***
I TAKE IT 85: raises $1.05 to $2.05
Calabazaking: folds 
Nicedaymybro: calls $1.05
*** FLOP *** [Ah Kc 9h]
Nicedaymybro: checks 
I TAKE IT 85: checks 
*** TURN *** [Ah Kc 9h] [As]
Nicedaymybro: checks 
I TAKE IT 85: bets $3.06
Nicedaymybro: folds 
Uncalled bet ($3.06) returned to I TAKE IT 85
I TAKE IT 85 collected $4.37 from pot
I TAKE IT 85: doesn't show hand 
*** SUMMARY ***
Total pot $4.60 | Rake $0.23 
Board [Ah Kc 9h As]
Seat 1: I TAKE IT 85 (button) collected ($4.37)
Seat 2: Calabazaking (small blind) folded before Flop
Seat 5: Nicedaymybro (big blind) folded on the Turn



PokerStars Hand #254490997231:  Hold'em No Limit ($0.50/$1.00 USD) - 2025/01/21 22:12:33 WET [2025/01/21 17:12:33 ET]
Table 'Subamara IV' 6-max Seat #2 is the button
Seat 1: I TAKE IT 85 ($188.88 in chips) 
Seat 2: Calabazaking ($120.59 in chips) 
Seat 5: Nicedaymybro ($100 in chips) 
Nicedaymybro: posts small blind $0.50
I TAKE IT 85: posts big blind $1
*** HOLE CARDS ***
Calabazaking: folds 
Nicedaymybro: raises $2 to $3
I TAKE IT 85: folds 
Uncalled bet ($2) returned to Nicedaymybro
Nicedaymybro collected $2 from pot
Nicedaymybro: doesn't show hand 
*** SUMMARY ***
Total pot $2 | Rake $0 
Seat 1: I TAKE IT 85 (big blind) folded before Flop
Seat 2: Calabazaking (button) folded before Flop (didn't bet)
Seat 5: Nicedaymybro (small blind) collected ($2)



PokerStars Hand #254491000554:  Hold'em No Limit ($0.50/$1.00 USD) - 2025/01/21 22:12:45 WET [2025/01/21 17:12:45 ET]
Table 'Subamara IV' 6-max Seat #5 is the button
Seat 1: I TAKE IT 85 ($187.88 in chips) 
Seat 2: Calabazaking ($120.59 in chips) 
Seat 5: Nicedaymybro ($101 in chips) 
I TAKE IT 85: posts small blind $0.50
Calabazaking: posts big blind $1
*** HOLE CARDS ***
Nicedaymybro: raises $1.50 to $2.50
I TAKE IT 85: folds 
Calabazaking: calls $1.50
*** FLOP *** [5c 9s 4d]
Calabazaking: checks 
Nicedaymybro: bets $1.72
Calabazaking: calls $1.72
*** TURN *** [5c 9s 4d] [7h]
Calabazaking: checks 
Nicedaymybro: bets $6.37
Calabazaking: raises $11.68 to $18.05
Nicedaymybro: calls $11.68
*** RIVER *** [5c 9s 4d 7h] [Kh]
Calabazaking: bets $98.32 and is all-in
Nicedaymybro: folds 
Uncalled bet ($98.32) returned to Calabazaking
Calabazaking collected $44.04 from pot
*** SUMMARY ***
Total pot $45.04 | Rake $1 
Board [5c 9s 4d 7h Kh]
Seat 1: I TAKE IT 85 (small blind) folded before Flop
Seat 2: Calabazaking (big blind) collected ($44.04)
Seat 5: Nicedaymybro (button) folded on the River



PokerStars Hand #254491012815:  Hold'em No Limit ($0.50/$1.00 USD) - 2025/01/21 22:13:27 WET [2025/01/21 17:13:27 ET]
Table 'Subamara IV' 6-max Seat #1 is the button
Seat 1: I TAKE IT 85 ($187.38 in chips) 
Seat 2: Calabazaking ($142.36 in chips) 
Seat 5: Nicedaymybro ($100 in chips) 
Calabazaking: posts small blind $0.50
Nicedaymybro: posts big blind $1
*** HOLE CARDS ***
I TAKE IT 85: folds 
Calabazaking: raises $2 to $3
Nicedaymybro: calls $2
*** FLOP *** [6h 9c Kh]
Calabazaking: checks 
Nicedaymybro: checks 
*** TURN *** [6h 9c Kh] [Ah]
Calabazaking: checks 
Nicedaymybro: checks 
*** RIVER *** [6h 9c Kh Ah] [Th]
Calabazaking: checks 
Nicedaymybro: bets $2.85
Calabazaking: folds 
Uncalled bet ($2.85) returned to Nicedaymybro
Nicedaymybro collected $5.70 from pot
Nicedaymybro: doesn't show hand 
*** SUMMARY ***
Total pot $6 | Rake $0.30 
Board [6h 9c Kh Ah Th]
Seat 1: I TAKE IT 85 (button) folded before Flop (didn't bet)
Seat 2: Calabazaking (small blind) folded on the River
Seat 5: Nicedaymybro (big blind) collected ($5.70)



PokerStars Hand #254491024969:  Hold'em No Limit ($0.50/$1.00 USD) - 2025/01/21 22:14:09 WET [2025/01/21 17:14:09 ET]
Table 'Subamara IV' 6-max Seat #2 is the button
Seat 1: I TAKE IT 85 ($187.38 in chips) 
Seat 2: Calabazaking ($139.36 in chips) 
Seat 5: Nicedaymybro ($102.70 in chips) 
Nicedaymybro: posts small blind $0.50
I TAKE IT 85: posts big blind $1
*** HOLE CARDS ***
Calabazaking: raises $1.50 to $2.50
Nicedaymybro: folds 
I TAKE IT 85: folds 
Uncalled bet ($1.50) returned to Calabazaking
Calabazaking collected $2.50 from pot
*** SUMMARY ***
Total pot $2.50 | Rake $0 
Seat 1: I TAKE IT 85 (big blind) folded before Flop
Seat 2: Calabazaking (button) collected ($2.50)
Seat 5: Nicedaymybro (small blind) folded before Flop



PokerStars Hand #254491027519:  Hold'em No Limit ($0.50/$1.00 USD) - 2025/01/21 22:14:18 WET [2025/01/21 17:14:18 ET]
Table 'Subamara IV' 6-max Seat #5 is the button
Seat 1: I TAKE IT 85 ($186.38 in chips) 
Seat 2: Calabazaking ($140.86 in chips) 
Seat 5: Nicedaymybro ($102.20 in chips) 
I TAKE IT 85: posts small blind $0.50
Calabazaking: posts big blind $1
*** HOLE CARDS ***
Nicedaymybro: folds 
I TAKE IT 85: folds 
Uncalled bet ($0.50) returned to Calabazaking
Calabazaking collected $1 from pot
*** SUMMARY ***
Total pot $1 | Rake $0 
Seat 1: I TAKE IT 85 (small blind) folded before Flop
Seat 2: Calabazaking (big blind) collected ($1)
Seat 5: Nicedaymybro (button) folded before Flop (didn't bet)



PokerStars Hand #254491029812:  Hold'em No Limit ($0.50/$1.00 USD) - 2025/01/21 22:14:26 WET [2025/01/21 17:14:26 ET]
Table 'Subamara IV' 6-max Seat #1 is the button
Seat 1: I TAKE IT 85 ($185.88 in chips) 
Seat 2: Calabazaking ($141.36 in chips) 
Seat 5: Nicedaymybro ($102.20 in chips) 
Calabazaking: posts small blind $0.50
Nicedaymybro: posts big blind $1
*** HOLE CARDS ***
I TAKE IT 85: folds 
Calabazaking: raises $2 to $3
Nicedaymybro: raises $6 to $9
Calabazaking: folds 
Uncalled bet ($6) returned to Nicedaymybro
Nicedaymybro collected $6 from pot
Nicedaymybro: doesn't show hand 
*** SUMMARY ***
Total pot $6 | Rake $0 
Seat 1: I TAKE IT 85 (button) folded before Flop (didn't bet)
Seat 2: Calabazaking (small blind) folded before Flop
Seat 5: Nicedaymybro (big blind) collected ($6)



PokerStars Hand #254491033430:  Hold'em No Limit ($0.50/$1.00 USD) - 2025/01/21 22:14:38 WET [2025/01/21 17:14:38 ET]
Table 'Subamara IV' 6-max Seat #2 is the button
Seat 1: I TAKE IT 85 ($185.88 in chips) 
Seat 2: Calabazaking ($138.36 in chips) 
Seat 5: Nicedaymybro ($105.20 in chips) 
Nicedaymybro: posts small blind $0.50
I TAKE IT 85: posts big blind $1
*** HOLE CARDS ***
Calabazaking: folds 
Nicedaymybro: folds 
Uncalled bet ($0.50) returned to I TAKE IT 85
I TAKE IT 85 collected $1 from pot
I TAKE IT 85: doesn't show hand 
*** SUMMARY ***
Total pot $1 | Rake $0 
Seat 1: I TAKE IT 85 (big blind) collected ($1)
Seat 2: Calabazaking (button) folded before Flop (didn't bet)
Seat 5: Nicedaymybro (small blind) folded before Flop



PokerStars Hand #254491036611:  Hold'em No Limit ($0.50/$1.00 USD) - 2025/01/21 22:14:49 WET [2025/01/21 17:14:49 ET]
Table 'Subamara IV' 6-max Seat #5 is the button
Seat 1: I TAKE IT 85 ($186.38 in chips) 
Seat 2: Calabazaking ($138.36 in chips) 
Seat 5: Nicedaymybro ($104.70 in chips) 
I TAKE IT 85: posts small blind $0.50
Calabazaking: posts big blind $1
*** HOLE CARDS ***
Nicedaymybro: raises $1.50 to $2.50
I TAKE IT 85: folds 
Calabazaking: calls $1.50
*** FLOP *** [Jd Qs 2d]
Calabazaking: checks 
Nicedaymybro: bets $1.72
Calabazaking: calls $1.72
*** TURN *** [Jd Qs 2d] [7d]
Calabazaking: checks 
Nicedaymybro: checks 
*** RIVER *** [Jd Qs 2d 7d] [4h]
Calabazaking: bets $12.74
Nicedaymybro: folds 
Uncalled bet ($12.74) returned to Calabazaking
Calabazaking collected $8.49 from pot
*** SUMMARY ***
Total pot $8.94 | Rake $0.45 
Board [Jd Qs 2d 7d 4h]
Seat 1: I TAKE IT 85 (small blind) folded before Flop
Seat 2: Calabazaking (big blind) collected ($8.49)
Seat 5: Nicedaymybro (button) folded on the River



PokerStars Hand #254491048510:  Hold'em No Limit ($0.50/$1.00 USD) - 2025/01/21 22:15:30 WET [2025/01/21 17:15:30 ET]
Table 'Subamara IV' 6-max Seat #1 is the button
Seat 1: I TAKE IT 85 ($185.88 in chips) 
Seat 2: Calabazaking ($142.63 in chips) 
Seat 5: Nicedaymybro ($100.48 in chips) 
Calabazaking: posts small blind $0.50
Nicedaymybro: posts big blind $1
*** HOLE CARDS ***
I TAKE IT 85: raises $1.05 to $2.05
Calabazaking: folds 
Nicedaymybro: calls $1.05
*** FLOP *** [Td Jd 6h]
Nicedaymybro: checks 
easy_sarcasm joins the table at seat #3 
pipisko111 joins the table at seat #6 
andutu34 joins the table at seat #4 
I TAKE IT 85: checks 
*** TURN *** [Td Jd 6h] [7c]
Nicedaymybro: bets $3.28
I TAKE IT 85: folds 
Uncalled bet ($3.28) returned to Nicedaymybro
Nicedaymybro collected $4.37 from pot
Nicedaymybro: doesn't show hand 
*** SUMMARY ***
Total pot $4.60 | Rake $0.23 
Board [Td Jd 6h 7c]
Seat 1: I TAKE IT 85 (button) folded on the Turn
Seat 2: Calabazaking (small blind) folded before Flop
Seat 5: Nicedaymybro (big blind) collected ($4.37)



PokerStars Hand #254491058664:  Hold'em No Limit ($0.50/$1.00 USD) - 2025/01/21 22:16:05 WET [2025/01/21 17:16:05 ET]
Table 'Subamara IV' 6-max Seat #2 is the button
Seat 3: easy_sarcasm ($100 in chips) is sitting out
Seat 4: andutu34 ($100 in chips) is sitting out
Seat 1: I TAKE IT 85 ($183.83 in chips) 
Seat 2: Calabazaking ($142.13 in chips) 
Seat 5: Nicedaymybro ($102.80 in chips) 
Seat 6: pipisko111 ($80 in chips) 
Nicedaymybro: posts small blind $0.50
pipisko111: posts big blind $1
*** HOLE CARDS ***
I TAKE IT 85: raises $1.05 to $2.05
Calabazaking: folds 
Nicedaymybro: folds 
pipisko111: folds 
Uncalled bet ($1.05) returned to I TAKE IT 85
I TAKE IT 85 collected $2.50 from pot
I TAKE IT 85: doesn't show hand 
*** SUMMARY ***
Total pot $2.50 | Rake $0 
Seat 3: easy_sarcasm
Seat 4: andutu34
Seat 1: I TAKE IT 85 collected ($2.50)
Seat 2: Calabazaking (button) folded before Flop (didn't bet)
Seat 5: Nicedaymybro (small blind) folded before Flop
Seat 6: pipisko111 (big blind) folded before Flop



PokerStars Hand #254491063061:  Hold'em No Limit ($0.50/$1.00 USD) - 2025/01/21 22:16:20 WET [2025/01/21 17:16:20 ET]
Table 'Subamara IV' 6-max Seat #5 is the button
Seat 3: easy_sarcasm ($100 in chips) is sitting out
Seat 4: andutu34 ($100 in chips) is sitting out
Seat 1: I TAKE IT 85 ($185.33 in chips) 
Seat 2: Calabazaking ($142.13 in chips) 
Seat 5: Nicedaymybro ($102.30 in chips) 
Seat 6: pipisko111 ($79 in chips) 
pipisko111: posts small blind $0.50
I TAKE IT 85: posts big blind $1
easy_sarcasm: sits out 
andutu34: sits out 
*** HOLE CARDS ***
Calabazaking: folds 
Nicedaymybro: raises $1.50 to $2.50
pipisko111: folds 
I TAKE IT 85: folds 
Uncalled bet ($1.50) returned to Nicedaymybro
Nicedaymybro collected $2.50 from pot
Nicedaymybro: doesn't show hand 
*** SUMMARY ***
Total pot $2.50 | Rake $0 
Seat 3: easy_sarcasm
Seat 4: andutu34
Seat 1: I TAKE IT 85 (big blind) folded before Flop
Seat 2: Calabazaking folded before Flop (didn't bet)
Seat 5: Nicedaymybro (button) collected ($2.50)
Seat 6: pipisko111 (small blind) folded before Flop



PokerStars Hand #254491068429:  Hold'em No Limit ($0.50/$1.00 USD) - 2025/01/21 22:16:38 WET [2025/01/21 17:16:38 ET]
Table 'Subamara IV' 6-max Seat #6 is the button
Seat 3: easy_sarcasm ($100 in chips) is sitting out
Seat 4: andutu34 ($100 in chips) is sitting out
Seat 1: I TAKE IT 85 ($184.33 in chips) 
Seat 2: Calabazaking ($142.13 in chips) 
Seat 5: Nicedaymybro ($103.80 in chips) 
Seat 6: pipisko111 ($78.50 in chips) 
I TAKE IT 85: posts small blind $0.50
Calabazaking: posts big blind $1
easy_sarcasm: sits out 
andutu34: sits out 
*** HOLE CARDS ***
Nicedaymybro: folds 
pipisko111: raises $1.10 to $2.10
I TAKE IT 85: folds 
Calabazaking: folds 
Uncalled bet ($1.10) returned to pipisko111
pipisko111 collected $2.50 from pot
pipisko111: doesn't show hand 
*** SUMMARY ***
Total pot $2.50 | Rake $0 
Seat 3: easy_sarcasm
Seat 4: andutu34
Seat 1: I TAKE IT 85 (small blind) folded before Flop
Seat 2: Calabazaking (big blind) folded before Flop
Seat 5: Nicedaymybro folded before Flop (didn't bet)
Seat 6: pipisko111 (button) collected ($2.50)



PokerStars Hand #254491073371:  Hold'em No Limit ($0.50/$1.00 USD) - 2025/01/21 22:16:55 WET [2025/01/21 17:16:55 ET]
Table 'Subamara IV' 6-max Seat #1 is the button
Seat 4: andutu34 ($100 in chips) is sitting out
Seat 1: I TAKE IT 85 ($183.83 in chips) 
Seat 2: Calabazaking ($141.13 in chips) 
Seat 3: easy_sarcasm ($100 in chips) 
Seat 5: Nicedaymybro ($103.80 in chips) 
Seat 6: pipisko111 ($80 in chips) 
Calabazaking: posts small blind $0.50
easy_sarcasm: posts big blind $1
andutu34: sits out 
*** HOLE CARDS ***
Nicedaymybro: folds 
pipisko111: raises $1.10 to $2.10
I TAKE IT 85: folds 
Calabazaking: folds 
easy_sarcasm: folds 
Uncalled bet ($1.10) returned to pipisko111
pipisko111 collected $2.50 from pot
pipisko111: doesn't show hand 
*** SUMMARY ***
Total pot $2.50 | Rake $0 
Seat 4: andutu34
Seat 1: I TAKE IT 85 (button) folded before Flop (didn't bet)
Seat 2: Calabazaking (small blind) folded before Flop
Seat 3: easy_sarcasm (big blind) folded before Flop
Seat 5: Nicedaymybro folded before Flop (didn't bet)
Seat 6: pipisko111 collected ($2.50)



PokerStars Hand #254491079128:  Hold'em No Limit ($0.50/$1.00 USD) - 2025/01/21 22:17:15 WET [2025/01/21 17:17:15 ET]
Table 'Subamara IV' 6-max Seat #2 is the button
Seat 1: I TAKE IT 85 ($183.83 in chips) 
Seat 2: Calabazaking ($140.63 in chips) 
Seat 3: easy_sarcasm ($100 in chips) 
Seat 4: andutu34 ($100 in chips) 
Seat 5: Nicedaymybro ($103.80 in chips) 
Seat 6: pipisko111 ($81.50 in chips) 
easy_sarcasm: posts small blind $0.50
andutu34: posts big blind $1
*** HOLE CARDS ***
Nicedaymybro: folds 
pipisko111: folds 
I TAKE IT 85: folds 
Calabazaking: folds 
easy_sarcasm: raises $2 to $3
andutu34: raises $7 to $10
easy_sarcasm: folds 
Uncalled bet ($7) returned to andutu34
andutu34 collected $6 from pot
andutu34: doesn't show hand 
*** SUMMARY ***
Total pot $6 | Rake $0 
Seat 1: I TAKE IT 85 folded before Flop (didn't bet)
Seat 2: Calabazaking (button) folded before Flop (didn't bet)
Seat 3: easy_sarcasm (small blind) folded before Flop
Seat 4: andutu34 (big blind) collected ($6)
Seat 5: Nicedaymybro folded before Flop (didn't bet)
Seat 6: pipisko111 folded before Flop (didn't bet)



PokerStars Hand #254491087830:  Hold'em No Limit ($0.50/$1.00 USD) - 2025/01/21 22:17:45 WET [2025/01/21 17:17:45 ET]
Table 'Subamara IV' 6-max Seat #3 is the button
Seat 1: I TAKE IT 85 ($183.83 in chips) 
Seat 2: Calabazaking ($140.63 in chips) 
Seat 3: easy_sarcasm ($100 in chips) 
Seat 4: andutu34 ($103 in chips) 
Seat 5: Nicedaymybro ($103.80 in chips) 
Seat 6: pipisko111 ($81.50 in chips) 
andutu34: posts small blind $0.50
Nicedaymybro: posts big blind $1
*** HOLE CARDS ***
pipisko111: folds 
I TAKE IT 85: folds 
Calabazaking: folds 
easy_sarcasm: raises $1.20 to $2.20
andutu34: raises $7.83 to $10.03
Nicedaymybro: folds 
easy_sarcasm: folds 
Uncalled bet ($7.83) returned to andutu34
andutu34 collected $5.40 from pot
andutu34: doesn't show hand 
*** SUMMARY ***
Total pot $5.40 | Rake $0 
Seat 1: I TAKE IT 85 folded before Flop (didn't bet)
Seat 2: Calabazaking folded before Flop (didn't bet)
Seat 3: easy_sarcasm (button) folded before Flop
Seat 4: andutu34 (small blind) collected ($5.40)
Seat 5: Nicedaymybro (big blind) folded before Flop
Seat 6: pipisko111 folded before Flop (didn't bet)



PokerStars Hand #254491097606:  Hold'em No Limit ($0.50/$1.00 USD) - 2025/01/21 22:18:19 WET [2025/01/21 17:18:19 ET]
Table 'Subamara IV' 6-max Seat #4 is the button
Seat 1: I TAKE IT 85 ($183.83 in chips) 
Seat 2: Calabazaking ($140.63 in chips) 
Seat 3: easy_sarcasm ($100 in chips) 
Seat 4: andutu34 ($106.20 in chips) 
Seat 5: Nicedaymybro ($102.80 in chips) 
Seat 6: pipisko111 ($81.50 in chips) 
Nicedaymybro: posts small blind $0.50
pipisko111: posts big blind $1
*** HOLE CARDS ***
I TAKE IT 85: folds 
Calabazaking: raises $1.50 to $2.50
easy_sarcasm: folds 
andutu34: folds 
Nicedaymybro: folds 
pipisko111: folds 
Uncalled bet ($1.50) returned to Calabazaking
Calabazaking collected $2.50 from pot
*** SUMMARY ***
Total pot $2.50 | Rake $0 
Seat 1: I TAKE IT 85 folded before Flop (didn't bet)
Seat 2: Calabazaking collected ($2.50)
Seat 3: easy_sarcasm folded before Flop (didn't bet)
Seat 4: andutu34 (button) folded before Flop (didn't bet)
Seat 5: Nicedaymybro (small blind) folded before Flop
Seat 6: pipisko111 (big blind) folded before Flop



PokerStars Hand #254491102616:  Hold'em No Limit ($0.50/$1.00 USD) - 2025/01/21 22:18:36 WET [2025/01/21 17:18:36 ET]
Table 'Subamara IV' 6-max Seat #5 is the button
Seat 1: I TAKE IT 85 ($183.83 in chips) 
Seat 2: Calabazaking ($142.13 in chips) 
Seat 3: easy_sarcasm ($100 in chips) 
Seat 4: andutu34 ($106.20 in chips) 
Seat 5: Nicedaymybro ($102.30 in chips) 
Seat 6: pipisko111 ($80.50 in chips) 
pipisko111: posts small blind $0.50
I TAKE IT 85: posts big blind $1
*** HOLE CARDS ***
Calabazaking: raises $1.50 to $2.50
easy_sarcasm: folds 
andutu34: folds 
Nicedaymybro: folds 
pipisko111: folds 
I TAKE IT 85: folds 
Uncalled bet ($1.50) returned to Calabazaking
Calabazaking collected $2.50 from pot
*** SUMMARY ***
Total pot $2.50 | Rake $0 
Seat 1: I TAKE IT 85 (big blind) folded before Flop
Seat 2: Calabazaking collected ($2.50)
Seat 3: easy_sarcasm folded before Flop (didn't bet)
Seat 4: andutu34 folded before Flop (didn't bet)
Seat 5: Nicedaymybro (button) folded before Flop (didn't bet)
Seat 6: pipisko111 (small blind) folded before Flop



PokerStars Hand #254491110043:  Hold'em No Limit ($0.50/$1.00 USD) - 2025/01/21 22:19:01 WET [2025/01/21 17:19:01 ET]
Table 'Subamara IV' 6-max Seat #6 is the button
Seat 1: I TAKE IT 85 ($182.83 in chips) 
Seat 2: Calabazaking ($143.63 in chips) 
Seat 3: easy_sarcasm ($100 in chips) 
Seat 4: andutu34 ($106.20 in chips) 
Seat 5: Nicedaymybro ($102.30 in chips) 
Seat 6: pipisko111 ($80 in chips) 
I TAKE IT 85: posts small blind $0.50
Calabazaking: posts big blind $1
*** HOLE CARDS ***
easy_sarcasm: folds 
andutu34: folds 
Nicedaymybro: folds 
pipisko111: raises $1.10 to $2.10
I TAKE IT 85: folds 
Calabazaking: folds 
Uncalled bet ($1.10) returned to pipisko111
pipisko111 collected $2.50 from pot
pipisko111: doesn't show hand 
*** SUMMARY ***
Total pot $2.50 | Rake $0 
Seat 1: I TAKE IT 85 (small blind) folded before Flop
Seat 2: Calabazaking (big blind) folded before Flop
Seat 3: easy_sarcasm folded before Flop (didn't bet)
Seat 4: andutu34 folded before Flop (didn't bet)
Seat 5: Nicedaymybro folded before Flop (didn't bet)
Seat 6: pipisko111 (button) collected ($2.50)



PokerStars Hand #254491115319:  Hold'em No Limit ($0.50/$1.00 USD) - 2025/01/21 22:19:20 WET [2025/01/21 17:19:20 ET]
Table 'Subamara IV' 6-max Seat #1 is the button
Seat 1: I TAKE IT 85 ($182.33 in chips) 
Seat 2: Calabazaking ($142.63 in chips) 
Seat 3: easy_sarcasm ($100 in chips) 
Seat 4: andutu34 ($106.20 in chips) 
Seat 5: Nicedaymybro ($102.30 in chips) 
Seat 6: pipisko111 ($81.50 in chips) 
Calabazaking: posts small blind $0.50
easy_sarcasm: posts big blind $1
*** HOLE CARDS ***
andutu34: folds 
Nicedaymybro: raises $1.50 to $2.50
pipisko111: folds 
I TAKE IT 85: raises $5.85 to $8.35
Calabazaking: folds 
easy_sarcasm: folds 
Nicedaymybro: raises $14.15 to $22.50
I TAKE IT 85: calls $14.15
*** FLOP *** [5s As 6c]
Nicedaymybro: bets $11.05
I TAKE IT 85: raises $148.78 to $159.83 and is all-in
Nicedaymybro: calls $68.75 and is all-in
Uncalled bet ($80.03) returned to I TAKE IT 85
*** TURN *** [5s As 6c] [7d]
*** RIVER *** [5s As 6c 7d] [8c]
*** SHOW DOWN ***
Nicedaymybro: shows [Ad Qh] (a pair of Aces)
I TAKE IT 85: shows [Ah Kc] (a pair of Aces - King kicker)
I TAKE IT 85 collected $203.60 from pot
*** SUMMARY ***
Total pot $206.10 | Rake $2.50 
Board [5s As 6c 7d 8c]
Seat 1: I TAKE IT 85 (button) showed [Ah Kc] and won ($203.60) with a pair of Aces
Seat 2: Calabazaking (small blind) folded before Flop
Seat 3: easy_sarcasm (big blind) folded before Flop
Seat 4: andutu34 folded before Flop (didn't bet)
Seat 5: Nicedaymybro showed [Ad Qh] and lost with a pair of Aces
Seat 6: pipisko111 folded before Flop (didn't bet)



PokerStars Hand #254491132221:  Hold'em No Limit ($0.50/$1.00 USD) - 2025/01/21 22:20:19 WET [2025/01/21 17:20:19 ET]
Table 'Subamara IV' 6-max Seat #2 is the button
Seat 1: I TAKE IT 85 ($283.63 in chips) 
Seat 2: Calabazaking ($142.13 in chips) 
Seat 3: easy_sarcasm ($100 in chips) 
Seat 4: andutu34 ($106.20 in chips) 
Seat 5: Nicedaymybro ($100 in chips) 
Seat 6: pipisko111 ($81.50 in chips) 
easy_sarcasm: posts small blind $0.50
andutu34: posts big blind $1
*** HOLE CARDS ***
Nicedaymybro: raises $1.50 to $2.50
pipisko111: folds 
I TAKE IT 85: folds 
Calabazaking: folds 
easy_sarcasm: folds 
andutu34: calls $1.50
*** FLOP *** [7h 8d 9d]
andutu34: checks 
Nicedaymybro: checks 
*** TURN *** [7h 8d 9d] [Js]
andutu34: bets $3.92
Nicedaymybro: folds 
Uncalled bet ($3.92) returned to andutu34
andutu34 collected $5.22 from pot
andutu34: doesn't show hand 
*** SUMMARY ***
Total pot $5.50 | Rake $0.28 
Board [7h 8d 9d Js]
Seat 1: I TAKE IT 85 folded before Flop (didn't bet)
Seat 2: Calabazaking (button) folded before Flop (didn't bet)
Seat 3: easy_sarcasm (small blind) folded before Flop
Seat 4: andutu34 (big blind) collected ($5.22)
Seat 5: Nicedaymybro folded on the Turn
Seat 6: pipisko111 folded before Flop (didn't bet)



PokerStars Hand #254491142915:  Hold'em No Limit ($0.50/$1.00 USD) - 2025/01/21 22:20:57 WET [2025/01/21 17:20:57 ET]
Table 'Subamara IV' 6-max Seat #3 is the button
Seat 1: I TAKE IT 85 ($283.63 in chips) 
Seat 2: Calabazaking ($142.13 in chips) 
Seat 3: easy_sarcasm ($100 in chips) 
Seat 4: andutu34 ($108.92 in chips) 
Seat 5: Nicedaymybro ($100 in chips) 
Seat 6: pipisko111 ($81.50 in chips) 
andutu34: posts small blind $0.50
Nicedaymybro: posts big blind $1
*** HOLE CARDS ***
pipisko111: folds 
I TAKE IT 85: folds 
Calabazaking: folds 
easy_sarcasm: folds 
andutu34: folds 
Uncalled bet ($0.50) returned to Nicedaymybro
Nicedaymybro collected $1 from pot
Nicedaymybro: doesn't show hand 
*** SUMMARY ***
Total pot $1 | Rake $0 
Seat 1: I TAKE IT 85 folded before Flop (didn't bet)
Seat 2: Calabazaking folded before Flop (didn't bet)
Seat 3: easy_sarcasm (button) folded before Flop (didn't bet)
Seat 4: andutu34 (small blind) folded before Flop
Seat 5: Nicedaymybro (big blind) collected ($1)
Seat 6: pipisko111 folded before Flop (didn't bet)



PokerStars Hand #254491146448:  Hold'em No Limit ($0.50/$1.00 USD) - 2025/01/21 22:21:09 WET [2025/01/21 17:21:09 ET]
Table 'Subamara IV' 6-max Seat #4 is the button
Seat 1: I TAKE IT 85 ($283.63 in chips) 
Seat 2: Calabazaking ($142.13 in chips) 
Seat 3: easy_sarcasm ($100 in chips) 
Seat 4: andutu34 ($108.42 in chips) 
Seat 5: Nicedaymybro ($100.50 in chips) 
Seat 6: pipisko111 ($81.50 in chips) 
Nicedaymybro: posts small blind $0.50
pipisko111: posts big blind $1
*** HOLE CARDS ***
I TAKE IT 85: raises $1.05 to $2.05
Calabazaking: folds 
easy_sarcasm: folds 
andutu34: folds 
Nicedaymybro: folds 
pipisko111: folds 
Uncalled bet ($1.05) returned to I TAKE IT 85
I TAKE IT 85 collected $2.50 from pot
I TAKE IT 85: doesn't show hand 
*** SUMMARY ***
Total pot $2.50 | Rake $0 
Seat 1: I TAKE IT 85 collected ($2.50)
Seat 2: Calabazaking folded before Flop (didn't bet)
Seat 3: easy_sarcasm folded before Flop (didn't bet)
Seat 4: andutu34 (button) folded before Flop (didn't bet)
Seat 5: Nicedaymybro (small blind) folded before Flop
Seat 6: pipisko111 (big blind) folded before Flop



PokerStars Hand #254491151042:  Hold'em No Limit ($0.50/$1.00 USD) - 2025/01/21 22:21:25 WET [2025/01/21 17:21:25 ET]
Table 'Subamara IV' 6-max Seat #5 is the button
Seat 1: I TAKE IT 85 ($285.13 in chips) 
Seat 2: Calabazaking ($142.13 in chips) 
Seat 3: easy_sarcasm ($100 in chips) 
Seat 4: andutu34 ($108.42 in chips) 
Seat 5: Nicedaymybro ($100 in chips) 
Seat 6: pipisko111 ($80.50 in chips) 
pipisko111: posts small blind $0.50
I TAKE IT 85: posts big blind $1
*** HOLE CARDS ***
Calabazaking: folds 
easy_sarcasm: folds 
andutu34: raises $1.30 to $2.30
Nicedaymybro: folds 
pipisko111: folds 
I TAKE IT 85: folds 
Uncalled bet ($1.30) returned to andutu34
andutu34 collected $2.50 from pot
andutu34: doesn't show hand 
*** SUMMARY ***
Total pot $2.50 | Rake $0 
Seat 1: I TAKE IT 85 (big blind) folded before Flop
Seat 2: Calabazaking folded before Flop (didn't bet)
Seat 3: easy_sarcasm folded before Flop (didn't bet)
Seat 4: andutu34 collected ($2.50)
Seat 5: Nicedaymybro (button) folded before Flop (didn't bet)
Seat 6: pipisko111 (small blind) folded before Flop



PokerStars Hand #254491155557:  Hold'em No Limit ($0.50/$1.00 USD) - 2025/01/21 22:21:41 WET [2025/01/21 17:21:41 ET]
Table 'Subamara IV' 6-max Seat #6 is the button
Seat 1: I TAKE IT 85 ($284.13 in chips) 
Seat 2: Calabazaking ($142.13 in chips) 
Seat 3: easy_sarcasm ($100 in chips) 
Seat 4: andutu34 ($109.92 in chips) 
Seat 5: Nicedaymybro ($100 in chips) 
Seat 6: pipisko111 ($80 in chips) 
I TAKE IT 85: posts small blind $0.50
Calabazaking: posts big blind $1
*** HOLE CARDS ***
easy_sarcasm: folds 
andutu34: folds 
Nicedaymybro: folds 
pipisko111: raises $1.10 to $2.10
I TAKE IT 85: folds 
Calabazaking: folds 
Uncalled bet ($1.10) returned to pipisko111
pipisko111 collected $2.50 from pot
pipisko111: doesn't show hand 
*** SUMMARY ***
Total pot $2.50 | Rake $0 
Seat 1: I TAKE IT 85 (small blind) folded before Flop
Seat 2: Calabazaking (big blind) folded before Flop
Seat 3: easy_sarcasm folded before Flop (didn't bet)
Seat 4: andutu34 folded before Flop (didn't bet)
Seat 5: Nicedaymybro folded before Flop (didn't bet)
Seat 6: pipisko111 (button) collected ($2.50)



PokerStars Hand #254491160788:  Hold'em No Limit ($0.50/$1.00 USD) - 2025/01/21 22:21:59 WET [2025/01/21 17:21:59 ET]
Table 'Subamara IV' 6-max Seat #1 is the button
Seat 1: I TAKE IT 85 ($283.63 in chips) 
Seat 2: Calabazaking ($141.13 in chips) 
Seat 3: easy_sarcasm ($100 in chips) 
Seat 4: andutu34 ($109.92 in chips) 
Seat 5: Nicedaymybro ($100 in chips) 
Seat 6: pipisko111 ($81.50 in chips) 
Calabazaking: posts small blind $0.50
easy_sarcasm: posts big blind $1
*** HOLE CARDS ***
andutu34: folds 
Nicedaymybro: folds 
pipisko111: folds 
I TAKE IT 85: raises $1.05 to $2.05
Calabazaking: folds 
easy_sarcasm: folds 
Uncalled bet ($1.05) returned to I TAKE IT 85
I TAKE IT 85 collected $2.50 from pot
I TAKE IT 85: doesn't show hand 
*** SUMMARY ***
Total pot $2.50 | Rake $0 
Seat 1: I TAKE IT 85 (button) collected ($2.50)
Seat 2: Calabazaking (small blind) folded before Flop
Seat 3: easy_sarcasm (big blind) folded before Flop
Seat 4: andutu34 folded before Flop (didn't bet)
Seat 5: Nicedaymybro folded before Flop (didn't bet)
Seat 6: pipisko111 folded before Flop (didn't bet)



PokerStars Hand #254491165263:  Hold'em No Limit ($0.50/$1.00 USD) - 2025/01/21 22:22:14 WET [2025/01/21 17:22:14 ET]
Table 'Subamara IV' 6-max Seat #2 is the button
Seat 4: andutu34 ($109.92 in chips) is sitting out
Seat 1: I TAKE IT 85 ($285.13 in chips) 
Seat 2: Calabazaking ($140.63 in chips) 
Seat 3: easy_sarcasm ($100 in chips) 
Seat 5: Nicedaymybro ($100 in chips) 
Seat 6: pipisko111 ($81.50 in chips) 
easy_sarcasm: posts small blind $0.50
andutu34: is sitting out 
Nicedaymybro: posts big blind $1
*** HOLE CARDS ***
andutu34 leaves the table
pipisko111 has timed out
pipisko111: folds 
I TAKE IT 85: folds 
Calabazaking: raises $1.50 to $2.50
easy_sarcasm: folds 
Nicedaymybro: folds 
Uncalled bet ($1.50) returned to Calabazaking
Calabazaking collected $2.50 from pot
*** SUMMARY ***
Total pot $2.50 | Rake $0 
Seat 4: andutu34
Seat 1: I TAKE IT 85 folded before Flop (didn't bet)
Seat 2: Calabazaking (button) collected ($2.50)
Seat 3: easy_sarcasm (small blind) folded before Flop
Seat 5: Nicedaymybro (big blind) folded before Flop
Seat 6: pipisko111 folded before Flop (didn't bet)



PokerStars Hand #254491172128:  Hold'em No Limit ($0.50/$1.00 USD) - 2025/01/21 22:22:38 WET [2025/01/21 17:22:38 ET]
Table 'Subamara IV' 6-max Seat #3 is the button
Seat 6: pipisko111 ($81.50 in chips) is sitting out
Seat 1: I TAKE IT 85 ($285.13 in chips) 
Seat 2: Calabazaking ($142.13 in chips) 
Seat 3: easy_sarcasm ($100 in chips) 
Seat 5: Nicedaymybro ($100 in chips) 
Nicedaymybro: posts small blind $0.50
I TAKE IT 85: posts big blind $1
*** HOLE CARDS ***
Calabazaking: folds 
easy_sarcasm: folds 
Nicedaymybro: folds 
Uncalled bet ($0.50) returned to I TAKE IT 85
I TAKE IT 85 collected $1 from pot
I TAKE IT 85: doesn't show hand 
*** SUMMARY ***
Total pot $1 | Rake $0 
Seat 6: pipisko111
Seat 1: I TAKE IT 85 (big blind) collected ($1)
Seat 2: Calabazaking folded before Flop (didn't bet)
Seat 3: easy_sarcasm (button) folded before Flop (didn't bet)
Seat 5: Nicedaymybro (small blind) folded before Flop



PokerStars Hand #254491174726:  Hold'em No Limit ($0.50/$1.00 USD) - 2025/01/21 22:22:47 WET [2025/01/21 17:22:47 ET]
Table 'Subamara IV' 6-max Seat #5 is the button
Seat 6: pipisko111 ($81.50 in chips) is sitting out
Seat 1: I TAKE IT 85 ($285.63 in chips) 
Seat 2: Calabazaking ($142.13 in chips) 
Seat 3: easy_sarcasm ($100 in chips) 
Seat 5: Nicedaymybro ($100 in chips) 
I TAKE IT 85: posts small blind $0.50
Calabazaking: posts big blind $1
*** HOLE CARDS ***
easy_sarcasm: folds 
Nicedaymybro: folds 
I TAKE IT 85: folds 
Uncalled bet ($0.50) returned to Calabazaking
Calabazaking collected $1 from pot
*** SUMMARY ***
Total pot $1 | Rake $0 
Seat 6: pipisko111
Seat 1: I TAKE IT 85 (small blind) folded before Flop
Seat 2: Calabazaking (big blind) collected ($1)
Seat 3: easy_sarcasm folded before Flop (didn't bet)
Seat 5: Nicedaymybro (button) folded before Flop (didn't bet)



PokerStars Hand #254491177388:  Hold'em No Limit ($0.50/$1.00 USD) - 2025/01/21 22:22:56 WET [2025/01/21 17:22:56 ET]
Table 'Subamara IV' 6-max Seat #1 is the button
Seat 6: pipisko111 ($81.50 in chips) is sitting out
Seat 1: I TAKE IT 85 ($285.13 in chips) 
Seat 2: Calabazaking ($142.63 in chips) 
Seat 3: easy_sarcasm ($100 in chips) 
Seat 5: Nicedaymybro ($100 in chips) 
Calabazaking: posts small blind $0.50
easy_sarcasm: posts big blind $1
pipisko111: sits out 
*** HOLE CARDS ***
Nicedaymybro: raises $1.50 to $2.50
I TAKE IT 85: folds 
Calabazaking: folds 
easy_sarcasm: calls $1.50
*** FLOP *** [2c Ad Jc]
easy_sarcasm: checks 
Nicedaymybro: checks 
*** TURN *** [2c Ad Jc] [4s]
easy_sarcasm: checks 
Nicedaymybro: bets $3.92
easy_sarcasm: folds 
Uncalled bet ($3.92) returned to Nicedaymybro
Nicedaymybro collected $5.22 from pot
Nicedaymybro: doesn't show hand 
*** SUMMARY ***
Total pot $5.50 | Rake $0.28 
Board [2c Ad Jc 4s]
Seat 6: pipisko111
Seat 1: I TAKE IT 85 (button) folded before Flop (didn't bet)
Seat 2: Calabazaking (small blind) folded before Flop
Seat 3: easy_sarcasm (big blind) folded on the Turn
Seat 5: Nicedaymybro collected ($5.22)



PokerStars Hand #254491185426:  Hold'em No Limit ($0.50/$1.00 USD) - 2025/01/21 22:23:24 WET [2025/01/21 17:23:24 ET]
Table 'Subamara IV' 6-max Seat #2 is the button
Seat 5: Nicedaymybro ($102.72 in chips) is sitting out
Seat 1: I TAKE IT 85 ($285.13 in chips) 
Seat 2: Calabazaking ($142.13 in chips) 
Seat 3: easy_sarcasm ($100 in chips) 
Seat 6: pipisko111 ($81.50 in chips) 
easy_sarcasm: posts small blind $0.50
Nicedaymybro: is sitting out 
pipisko111: posts big blind $1
*** HOLE CARDS ***
I TAKE IT 85: folds 
Calabazaking: folds 
easy_sarcasm: raises $2 to $3
Nicedaymybro leaves the table
pipisko111: folds 
Uncalled bet ($2) returned to easy_sarcasm
easy_sarcasm collected $2 from pot
maxdan11 joins the table at seat #5 
maxdan11 is disconnected 
*** SUMMARY ***
Total pot $2 | Rake $0 
Seat 5: Nicedaymybro
Seat 1: I TAKE IT 85 folded before Flop (didn't bet)
Seat 2: Calabazaking (button) folded before Flop (didn't bet)
Seat 3: easy_sarcasm (small blind) collected ($2)
Seat 6: pipisko111 (big blind) folded before Flop



PokerStars Hand #254491189281:  Hold'em No Limit ($0.50/$1.00 USD) - 2025/01/21 22:23:37 WET [2025/01/21 17:23:37 ET]
Table 'Subamara IV' 6-max Seat #3 is the button
Seat 5: maxdan11 ($59.92 in chips) is sitting out
Seat 1: I TAKE IT 85 ($285.13 in chips) 
Seat 2: Calabazaking ($142.13 in chips) 
Seat 3: easy_sarcasm ($101 in chips) 
Seat 6: pipisko111 ($80.50 in chips) 
pipisko111: posts small blind $0.50
I TAKE IT 85: posts big blind $1
*** HOLE CARDS ***
Y_19 joins the table at seat #4 
Calabazaking: folds 
easy_sarcasm: folds 
pipisko111: raises $1.10 to $2.10
I TAKE IT 85: folds 
Uncalled bet ($1.10) returned to pipisko111
pipisko111 collected $2 from pot
pipisko111: doesn't show hand 
*** SUMMARY ***
Total pot $2 | Rake $0 
Seat 5: maxdan11
Seat 1: I TAKE IT 85 (big blind) folded before Flop
Seat 2: Calabazaking folded before Flop (didn't bet)
Seat 3: easy_sarcasm (button) folded before Flop (didn't bet)
Seat 6: pipisko111 (small blind) collected ($2)



PokerStars Hand #254491194378:  Hold'em No Limit ($0.50/$1.00 USD) - 2025/01/21 22:23:55 WET [2025/01/21 17:23:55 ET]
Table 'Subamara IV' 6-max Seat #6 is the button
Seat 4: Y_19 ($100 in chips) is sitting out
Seat 1: I TAKE IT 85 ($284.13 in chips) 
Seat 2: Calabazaking ($142.13 in chips) 
Seat 3: easy_sarcasm ($101 in chips) 
Seat 5: maxdan11 ($59.92 in chips) 
Seat 6: pipisko111 ($81.50 in chips) 
I TAKE IT 85: posts small blind $0.50
Calabazaking: posts big blind $1
Y_19: sits out 
maxdan11: posts big blind $1
*** HOLE CARDS ***
easy_sarcasm: folds 
maxdan11: raises $2.50 to $3.50
pipisko111: folds 
I TAKE IT 85: raises $6.50 to $10
Calabazaking: folds 
maxdan11: calls $6.50
*** FLOP *** [Qh Ad Jh]
I TAKE IT 85: bets $6.58
maxdan11: calls $6.58
*** TURN *** [Qh Ad Jh] [Td]
I TAKE IT 85: checks 
maxdan11: checks 
*** RIVER *** [Qh Ad Jh Td] [Tc]
I TAKE IT 85: bets $48.68
maxdan11: folds 
Uncalled bet ($48.68) returned to I TAKE IT 85
I TAKE IT 85 collected $32.45 from pot
I TAKE IT 85: doesn't show hand 
*** SUMMARY ***
Total pot $34.16 | Rake $1.71 
Board [Qh Ad Jh Td Tc]
Seat 4: Y_19
Seat 1: I TAKE IT 85 (small blind) collected ($32.45)
Seat 2: Calabazaking (big blind) folded before Flop
Seat 3: easy_sarcasm folded before Flop (didn't bet)
Seat 5: maxdan11 folded on the River
Seat 6: pipisko111 (button) folded before Flop (didn't bet)



PokerStars Hand #254491211269:  Hold'em No Limit ($0.50/$1.00 USD) - 2025/01/21 22:24:54 WET [2025/01/21 17:24:54 ET]
Table 'Subamara IV' 6-max Seat #1 is the button
Seat 4: Y_19 ($100 in chips) is sitting out
Seat 1: I TAKE IT 85 ($300 in chips) 
Seat 2: Calabazaking ($141.13 in chips) 
Seat 3: easy_sarcasm ($101 in chips) 
Seat 5: maxdan11 ($43.34 in chips) 
Seat 6: pipisko111 ($81.50 in chips) 
Calabazaking: posts small blind $0.50
easy_sarcasm: posts big blind $1
Y_19: sits out 
*** HOLE CARDS ***
maxdan11: raises $2.50 to $3.50
pipisko111: raises $4.50 to $8
I TAKE IT 85: folds 
Calabazaking: folds 
easy_sarcasm: folds 
maxdan11: raises $35.34 to $43.34 and is all-in
pipisko111: calls $35.34
*** FLOP *** [5s 9c As]
*** TURN *** [5s 9c As] [6s]
*** RIVER *** [5s 9c As 6s] [8d]
*** SHOW DOWN ***
maxdan11: shows [Ac 2d] (a pair of Aces)
pipisko111: shows [Qs Qd] (a pair of Queens)
maxdan11 cashed out the hand for $23.73 | Cash Out Fee $0.48
*** SUMMARY ***
Total pot $88.18 | Rake $2.50 
Board [5s 9c As 6s 8d]
Seat 4: Y_19
Seat 1: I TAKE IT 85 (button) folded before Flop (didn't bet)
Seat 2: Calabazaking (small blind) folded before Flop
Seat 3: easy_sarcasm (big blind) folded before Flop
Seat 5: maxdan11 showed [Ac 2d] and won ($85.68) with a pair of Aces (pot not awarded as player cashed out)
Seat 6: pipisko111 showed [Qs Qd] and lost with a pair of Queens



PokerStars Hand #254491221203:  Hold'em No Limit ($0.50/$1.00 USD) - 2025/01/21 22:25:28 WET [2025/01/21 17:25:28 ET]
Table 'Subamara IV' 6-max Seat #2 is the button
Seat 1: I TAKE IT 85 ($300 in chips) 
Seat 2: Calabazaking ($140.63 in chips) 
Seat 3: easy_sarcasm ($100 in chips) 
Seat 4: Y_19 ($100 in chips) 
Seat 5: maxdan11 ($23.73 in chips) 
Seat 6: pipisko111 ($38.16 in chips) 
easy_sarcasm: posts small blind $0.50
Y_19: posts big blind $1
*** HOLE CARDS ***
maxdan11: raises $22.73 to $23.73 and is all-in
pipisko111: folds 
I TAKE IT 85: folds 
Calabazaking: calls $23.73
easy_sarcasm: folds 
Y_19: folds 
*** FLOP *** [Ac Qd 9s]
*** TURN *** [Ac Qd 9s] [Jd]
*** RIVER *** [Ac Qd 9s Jd] [Kh]
*** SHOW DOWN ***
maxdan11: shows [5h Qh] (a pair of Queens)
Calabazaking: shows [5c 5s] (a pair of Fives)
maxdan11 collected $46.51 from pot
*** SUMMARY ***
Total pot $48.96 | Rake $2.45 
Board [Ac Qd 9s Jd Kh]
Seat 1: I TAKE IT 85 folded before Flop (didn't bet)
Seat 2: Calabazaking (button) showed [5c 5s] and lost with a pair of Fives
Seat 3: easy_sarcasm (small blind) folded before Flop
Seat 4: Y_19 (big blind) folded before Flop
Seat 5: maxdan11 showed [5h Qh] and won ($46.51) with a pair of Queens
Seat 6: pipisko111 folded before Flop (didn't bet)



PokerStars Hand #254491229563:  Hold'em No Limit ($0.50/$1.00 USD) - 2025/01/21 22:25:58 WET [2025/01/21 17:25:58 ET]
Table 'Subamara IV' 6-max Seat #3 is the button
Seat 1: I TAKE IT 85 ($300 in chips) 
Seat 2: Calabazaking ($116.90 in chips) 
Seat 3: easy_sarcasm ($100 in chips) 
Seat 4: Y_19 ($100 in chips) 
Seat 5: maxdan11 ($46.51 in chips) 
Seat 6: pipisko111 ($38.16 in chips) 
Y_19: posts small blind $0.50
maxdan11: posts big blind $1
*** HOLE CARDS ***
pipisko111: raises $1.10 to $2.10
I TAKE IT 85: folds 
Calabazaking: folds 
easy_sarcasm: folds 
Y_19: folds 
maxdan11: calls $1.10
*** FLOP *** [8s 7h Kc]
maxdan11: checks 
pipisko111: bets $3.35
maxdan11: calls $3.35
*** TURN *** [8s 7h Kc] [Qc]
maxdan11: checks 
pipisko111: bets $8.12
maxdan11: calls $8.12
*** RIVER *** [8s 7h Kc Qc] [3c]
maxdan11: checks 
pipisko111: bets $24.59 and is all-in
maxdan11: folds 
Uncalled bet ($24.59) returned to pipisko111
pipisko111 collected $26.26 from pot
pipisko111: doesn't show hand 
*** SUMMARY ***
Total pot $27.64 | Rake $1.38 
Board [8s 7h Kc Qc 3c]
Seat 1: I TAKE IT 85 folded before Flop (didn't bet)
Seat 2: Calabazaking folded before Flop (didn't bet)
Seat 3: easy_sarcasm (button) folded before Flop (didn't bet)
Seat 4: Y_19 (small blind) folded before Flop
Seat 5: maxdan11 (big blind) folded on the River
Seat 6: pipisko111 collected ($26.26)



PokerStars Hand #254491246460:  Hold'em No Limit ($0.50/$1.00 USD) - 2025/01/21 22:26:57 WET [2025/01/21 17:26:57 ET]
Table 'Subamara IV' 6-max Seat #4 is the button
Seat 1: I TAKE IT 85 ($300 in chips) 
Seat 2: Calabazaking ($116.90 in chips) 
Seat 3: easy_sarcasm ($100 in chips) 
Seat 4: Y_19 ($100 in chips) 
Seat 5: maxdan11 ($32.94 in chips) 
Seat 6: pipisko111 ($50.85 in chips) 
maxdan11: posts small blind $0.50
pipisko111: posts big blind $1
*** HOLE CARDS ***
I TAKE IT 85: folds 
Calabazaking: folds 
easy_sarcasm: raises $2 to $3
Y_19: folds 
maxdan11: raises $29.94 to $32.94 and is all-in
pipisko111: folds 
easy_sarcasm: folds 
Uncalled bet ($29.94) returned to maxdan11
maxdan11 collected $7 from pot
*** SUMMARY ***
Total pot $7 | Rake $0 
Seat 1: I TAKE IT 85 folded before Flop (didn't bet)
Seat 2: Calabazaking folded before Flop (didn't bet)
Seat 3: easy_sarcasm folded before Flop
Seat 4: Y_19 (button) folded before Flop (didn't bet)
Seat 5: maxdan11 (small blind) collected ($7)
Seat 6: pipisko111 (big blind) folded before Flop



PokerStars Hand #254491250424:  Hold'em No Limit ($0.50/$1.00 USD) - 2025/01/21 22:27:11 WET [2025/01/21 17:27:11 ET]
Table 'Subamara IV' 6-max Seat #5 is the button
Seat 1: I TAKE IT 85 ($300 in chips) 
Seat 2: Calabazaking ($116.90 in chips) 
Seat 3: easy_sarcasm ($100 in chips) 
Seat 4: Y_19 ($100 in chips) 
Seat 5: maxdan11 ($36.94 in chips) 
Seat 6: pipisko111 ($49.85 in chips) 
pipisko111: posts small blind $0.50
I TAKE IT 85: posts big blind $1
*** HOLE CARDS ***
Calabazaking: folds 
easy_sarcasm: folds 
Y_19: folds 
maxdan11: calls $1
pipisko111: folds 
I TAKE IT 85: raises $3.28 to $4.28
maxdan11: folds 
Uncalled bet ($3.28) returned to I TAKE IT 85
I TAKE IT 85 collected $2.50 from pot
I TAKE IT 85: doesn't show hand 
*** SUMMARY ***
Total pot $2.50 | Rake $0 
Seat 1: I TAKE IT 85 (big blind) collected ($2.50)
Seat 2: Calabazaking folded before Flop (didn't bet)
Seat 3: easy_sarcasm folded before Flop (didn't bet)
Seat 4: Y_19 folded before Flop (didn't bet)
Seat 5: maxdan11 (button) folded before Flop
Seat 6: pipisko111 (small blind) folded before Flop



PokerStars Hand #254491258908:  Hold'em No Limit ($0.50/$1.00 USD) - 2025/01/21 22:27:40 WET [2025/01/21 17:27:40 ET]
Table 'Subamara IV' 6-max Seat #6 is the button
Seat 1: I TAKE IT 85 ($301.50 in chips) 
Seat 2: Calabazaking ($116.90 in chips) 
Seat 3: easy_sarcasm ($100 in chips) 
Seat 4: Y_19 ($100 in chips) 
Seat 5: maxdan11 ($35.94 in chips) 
Seat 6: pipisko111 ($49.35 in chips) 
I TAKE IT 85: posts small blind $0.50
Calabazaking: posts big blind $1
*** HOLE CARDS ***
easy_sarcasm: folds 
Y_19: folds 
maxdan11: calls $1
pipisko111: raises $3.50 to $4.50
I TAKE IT 85: folds 
Calabazaking: calls $3.50
maxdan11: folds 
*** FLOP *** [5d Qc 8d]
Calabazaking: checks 
pipisko111: bets $7
Calabazaking: calls $7
*** TURN *** [5d Qc 8d] [6h]
Calabazaking: checks 
pipisko111: bets $37.85 and is all-in
Calabazaking: folds 
Uncalled bet ($37.85) returned to pipisko111
pipisko111 collected $23.28 from pot
pipisko111: doesn't show hand 
*** SUMMARY ***
Total pot $24.50 | Rake $1.22 
Board [5d Qc 8d 6h]
Seat 1: I TAKE IT 85 (small blind) folded before Flop
Seat 2: Calabazaking (big blind) folded on the Turn
Seat 3: easy_sarcasm folded before Flop (didn't bet)
Seat 4: Y_19 folded before Flop (didn't bet)
Seat 5: maxdan11 folded before Flop
Seat 6: pipisko111 (button) collected ($23.28)



PokerStars Hand #254491274536:  Hold'em No Limit ($0.50/$1.00 USD) - 2025/01/21 22:28:35 WET [2025/01/21 17:28:35 ET]
Table 'Subamara IV' 6-max Seat #1 is the button
Seat 1: I TAKE IT 85 ($301 in chips) 
Seat 2: Calabazaking ($105.40 in chips) 
Seat 3: easy_sarcasm ($100 in chips) 
Seat 4: Y_19 ($100 in chips) 
Seat 5: maxdan11 ($34.94 in chips) 
Seat 6: pipisko111 ($61.13 in chips) 
Calabazaking: posts small blind $0.50
easy_sarcasm: posts big blind $1
*** HOLE CARDS ***
Y_19: raises $1.23 to $2.23
maxdan11: folds 
pipisko111: folds 
I TAKE IT 85: folds 
Calabazaking: folds 
easy_sarcasm: calls $1.23
*** FLOP *** [5d 7d 2c]
easy_sarcasm: checks 
Y_19: bets $1.55
easy_sarcasm: calls $1.55
*** TURN *** [5d 7d 2c] [Jd]
easy_sarcasm: checks 
Y_19: checks 
*** RIVER *** [5d 7d 2c Jd] [Jc]
easy_sarcasm: checks 
Y_19: checks 
*** SHOW DOWN ***
easy_sarcasm: shows [4c 4h] (two pair, Jacks and Fours)
Y_19: mucks hand 
easy_sarcasm collected $7.66 from pot
*** SUMMARY ***
Total pot $8.06 | Rake $0.40 
Board [5d 7d 2c Jd Jc]
Seat 1: I TAKE IT 85 (button) folded before Flop (didn't bet)
Seat 2: Calabazaking (small blind) folded before Flop
Seat 3: easy_sarcasm (big blind) showed [4c 4h] and won ($7.66) with two pair, Jacks and Fours
Seat 4: Y_19 mucked
Seat 5: maxdan11 folded before Flop (didn't bet)
Seat 6: pipisko111 folded before Flop (didn't bet)



PokerStars Hand #254491284448:  Hold'em No Limit ($0.50/$1.00 USD) - 2025/01/21 22:29:10 WET [2025/01/21 17:29:10 ET]
Table 'Subamara IV' 6-max Seat #2 is the button
Seat 1: I TAKE IT 85 ($301 in chips) 
Seat 2: Calabazaking ($104.90 in chips) 
Seat 3: easy_sarcasm ($103.88 in chips) 
Seat 4: Y_19 ($100 in chips) 
Seat 5: maxdan11 ($34.94 in chips) 
Seat 6: pipisko111 ($61.13 in chips) 
easy_sarcasm: posts small blind $0.50
Y_19: posts big blind $1
*** HOLE CARDS ***
maxdan11: raises $2.50 to $3.50
pipisko111: folds 
I TAKE IT 85: folds 
Calabazaking: folds 
easy_sarcasm: folds 
Y_19: folds 
Uncalled bet ($2.50) returned to maxdan11
maxdan11 collected $2.50 from pot
*** SUMMARY ***
Total pot $2.50 | Rake $0 
Seat 1: I TAKE IT 85 folded before Flop (didn't bet)
Seat 2: Calabazaking (button) folded before Flop (didn't bet)
Seat 3: easy_sarcasm (small blind) folded before Flop
Seat 4: Y_19 (big blind) folded before Flop
Seat 5: maxdan11 collected ($2.50)
Seat 6: pipisko111 folded before Flop (didn't bet)



PokerStars Hand #254491291291:  Hold'em No Limit ($0.50/$1.00 USD) - 2025/01/21 22:29:34 WET [2025/01/21 17:29:34 ET]
Table 'Subamara IV' 6-max Seat #3 is the button
Seat 1: I TAKE IT 85 ($301 in chips) 
Seat 2: Calabazaking ($104.90 in chips) 
Seat 3: easy_sarcasm ($103.38 in chips) 
Seat 4: Y_19 ($100 in chips) 
Seat 5: maxdan11 ($36.44 in chips) 
Seat 6: pipisko111 ($61.13 in chips) 
Y_19: posts small blind $0.50
maxdan11: posts big blind $1
*** HOLE CARDS ***
pipisko111: folds 
I TAKE IT 85: folds 
Calabazaking: raises $1.50 to $2.50
easy_sarcasm: folds 
Y_19: folds 
maxdan11: calls $1.50
*** FLOP *** [Ks Qd Tc]
maxdan11: bets $5.22
Calabazaking: calls $5.22
*** TURN *** [Ks Qd Tc] [6d]
maxdan11: bets $28.72 and is all-in
Calabazaking: calls $28.72
*** RIVER *** [Ks Qd Tc 6d] [Th]
*** SHOW DOWN ***
maxdan11: shows [Kd 8d] (two pair, Kings and Tens)
Calabazaking: shows [Jc As] (a straight, Ten to Ace)
Calabazaking collected $70.88 from pot
maxdan11 cashed out the hand for $14.21 | Cash Out Fee $0.29
*** SUMMARY ***
Total pot $73.38 | Rake $2.50 
Board [Ks Qd Tc 6d Th]
Seat 1: I TAKE IT 85 folded before Flop (didn't bet)
Seat 2: Calabazaking showed [Jc As] and won ($70.88) with a straight, Ten to Ace
Seat 3: easy_sarcasm (button) folded before Flop (didn't bet)
Seat 4: Y_19 (small blind) folded before Flop
Seat 5: maxdan11 (big blind) showed [Kd 8d] and lost with two pair, Kings and Tens (cashed out).
Seat 6: pipisko111 folded before Flop (didn't bet)



PokerStars Hand #254491307474:  Hold'em No Limit ($0.50/$1.00 USD) - 2025/01/21 22:30:31 WET [2025/01/21 17:30:31 ET]
Table 'Subamara IV' 6-max Seat #4 is the button
Seat 1: I TAKE IT 85 ($301 in chips) 
Seat 2: Calabazaking ($139.34 in chips) 
Seat 3: easy_sarcasm ($103.38 in chips) 
Seat 4: Y_19 ($100 in chips) 
Seat 5: maxdan11 ($14.21 in chips) 
Seat 6: pipisko111 ($61.13 in chips) 
maxdan11: posts small blind $0.50
pipisko111: posts big blind $1
*** HOLE CARDS ***
I TAKE IT 85: folds 
Calabazaking: folds 
easy_sarcasm: raises $2 to $3
Y_19: folds 
maxdan11: raises $11.21 to $14.21 and is all-in
pipisko111: folds 
easy_sarcasm: calls $11.21
*** FLOP *** [7c Td 5h]
*** TURN *** [7c Td 5h] [Tc]
*** RIVER *** [7c Td 5h Tc] [6s]
*** SHOW DOWN ***
maxdan11: shows [Kh Ad] (a pair of Tens)
easy_sarcasm: shows [Ts As] (three of a kind, Tens)
easy_sarcasm collected $27.95 from pot
*** SUMMARY ***
Total pot $29.42 | Rake $1.47 
Board [7c Td 5h Tc 6s]
Seat 1: I TAKE IT 85 folded before Flop (didn't bet)
Seat 2: Calabazaking folded before Flop (didn't bet)
Seat 3: easy_sarcasm showed [Ts As] and won ($27.95) with three of a kind, Tens
Seat 4: Y_19 (button) folded before Flop (didn't bet)
Seat 5: maxdan11 (small blind) showed [Kh Ad] and lost with a pair of Tens
Seat 6: pipisko111 (big blind) folded before Flop



PokerStars Hand #254491316670:  Hold'em No Limit ($0.50/$1.00 USD) - 2025/01/21 22:31:04 WET [2025/01/21 17:31:04 ET]
Table 'Subamara IV' 6-max Seat #6 is the button
Seat 5: maxdan11 ($0 in chips) is sitting out
Seat 1: I TAKE IT 85 ($301 in chips) 
Seat 2: Calabazaking ($139.34 in chips) 
Seat 3: easy_sarcasm ($117.12 in chips) 
Seat 4: Y_19 ($100 in chips) 
Seat 6: pipisko111 ($60.13 in chips) 
I TAKE IT 85: posts small blind $0.50
Calabazaking: posts big blind $1
*** HOLE CARDS ***
easy_sarcasm: folds 
Y_19: raises $1.23 to $2.23
maxdan11 leaves the table
pipisko111: folds 
I TAKE IT 85: raises $7.77 to $10
Calabazaking: folds 
Y_19: calls $7.77
*** FLOP *** [3s 9c Ks]
I TAKE IT 85: bets $7.58
Y_19: calls $7.58
*** TURN *** [3s 9c Ks] [Ah]
I TAKE IT 85: bets $20.61
michasia joins the table at seat #5 
Y_19: calls $20.61
*** RIVER *** [3s 9c Ks Ah] [4d]
easy_sarcasm leaves the table
I TAKE IT 85: checks 
Y_19: checks 
*** SHOW DOWN ***
I TAKE IT 85: shows [8d 8c] (a pair of Eights)
Y_19: shows [Ts 9s] (a pair of Nines)
Y_19 collected $74.88 from pot
*** SUMMARY ***
Total pot $77.38 | Rake $2.50 
Board [3s 9c Ks Ah 4d]
Seat 5: maxdan11
Seat 1: I TAKE IT 85 (small blind) showed [8d 8c] and lost with a pair of Eights
Seat 2: Calabazaking (big blind) folded before Flop
Seat 3: easy_sarcasm folded before Flop (didn't bet)
Seat 4: Y_19 showed [Ts 9s] and won ($74.88) with a pair of Nines
Seat 6: pipisko111 (button) folded before Flop (didn't bet)



PokerStars Hand #254491340723:  Hold'em No Limit ($0.50/$1.00 USD) - 2025/01/21 22:32:29 WET [2025/01/21 17:32:29 ET]
Table 'Subamara IV' 6-max Seat #1 is the button
Seat 5: michasia ($100 in chips) is sitting out
Seat 1: I TAKE IT 85 ($262.81 in chips) 
Seat 2: Calabazaking ($138.34 in chips) 
Seat 4: Y_19 ($136.69 in chips) 
Seat 6: pipisko111 ($60.13 in chips) 
Calabazaking: posts small blind $0.50
Y_19: posts big blind $1
michasia: sits out 
*** HOLE CARDS ***
Birdy318 joins the table at seat #3 
pipisko111: raises $1.10 to $2.10
I TAKE IT 85: raises $4.90 to $7
Calabazaking: folds 
Y_19: folds 
pipisko111: folds 
Uncalled bet ($4.90) returned to I TAKE IT 85
I TAKE IT 85 collected $5.70 from pot
I TAKE IT 85: doesn't show hand 
*** SUMMARY ***
Total pot $5.70 | Rake $0 
Seat 5: michasia
Seat 1: I TAKE IT 85 (button) collected ($5.70)
Seat 2: Calabazaking (small blind) folded before Flop
Seat 4: Y_19 (big blind) folded before Flop
Seat 6: pipisko111 folded before Flop



PokerStars Hand #254491347226:  Hold'em No Limit ($0.50/$1.00 USD) - 2025/01/21 22:32:52 WET [2025/01/21 17:32:52 ET]
Table 'Subamara IV' 6-max Seat #2 is the button
Seat 3: Birdy318 ($100 in chips) is sitting out
Seat 1: I TAKE IT 85 ($266.41 in chips) 
Seat 2: Calabazaking ($137.84 in chips) 
Seat 4: Y_19 ($135.69 in chips) 
Seat 5: michasia ($100 in chips) 
Seat 6: pipisko111 ($58.03 in chips) 
Y_19: posts small blind $0.50
michasia: posts big blind $1
*** HOLE CARDS ***
pipisko111 has timed out
pipisko111: folds 
I TAKE IT 85: folds 
Calabazaking: folds 
Y_19: raises $2 to $3
michasia: calls $2
*** FLOP *** [Kd 5h 9s]
Y_19: bets $1.88
michasia: raises $3.76 to $5.64
Y_19: calls $3.76
*** TURN *** [Kd 5h 9s] [6c]
Y_19: checks 
michasia: checks 
*** RIVER *** [Kd 5h 9s 6c] [9c]
Y_19: checks 
michasia: checks 
*** SHOW DOWN ***
Y_19: shows [Js Th] (a pair of Nines)
michasia: shows [4s 5d] (two pair, Nines and Fives)
michasia collected $16.42 from pot
*** SUMMARY ***
Total pot $17.28 | Rake $0.86 
Board [Kd 5h 9s 6c 9c]
Seat 3: Birdy318
Seat 1: I TAKE IT 85 folded before Flop (didn't bet)
Seat 2: Calabazaking (button) folded before Flop (didn't bet)
Seat 4: Y_19 (small blind) showed [Js Th] and lost with a pair of Nines
Seat 5: michasia (big blind) showed [4s 5d] and won ($16.42) with two pair, Nines and Fives
Seat 6: pipisko111 folded before Flop (didn't bet)



PokerStars Hand #254491364378:  Hold'em No Limit ($0.50/$1.00 USD) - 2025/01/21 22:33:53 WET [2025/01/21 17:33:53 ET]
Table 'Subamara IV' 6-max Seat #4 is the button
Seat 1: I TAKE IT 85 ($266.41 in chips) 
Seat 2: Calabazaking ($137.84 in chips) 
Seat 3: Birdy318 ($100 in chips) 
Seat 4: Y_19 ($127.05 in chips) 
Seat 5: michasia ($107.78 in chips) 
Seat 6: pipisko111 ($58.03 in chips) 
michasia: posts small blind $0.50
pipisko111: posts big blind $1
Birdy318: posts big blind $1
*** HOLE CARDS ***
I TAKE IT 85: raises $3.15 to $4.15
Calabazaking: folds 
Birdy318: folds 
Y_19: folds 
michasia: folds 
pipisko111: folds 
Uncalled bet ($3.15) returned to I TAKE IT 85
I TAKE IT 85 collected $3.50 from pot
I TAKE IT 85: doesn't show hand 
*** SUMMARY ***
Total pot $3.50 | Rake $0 
Seat 1: I TAKE IT 85 collected ($3.50)
Seat 2: Calabazaking folded before Flop (didn't bet)
Seat 3: Birdy318 folded before Flop (didn't bet)
Seat 4: Y_19 (button) folded before Flop (didn't bet)
Seat 5: michasia (small blind) folded before Flop
Seat 6: pipisko111 (big blind) folded before Flop



PokerStars Hand #254491370689:  Hold'em No Limit ($0.50/$1.00 USD) - 2025/01/21 22:34:15 WET [2025/01/21 17:34:15 ET]
Table 'Subamara IV' 6-max Seat #5 is the button
Seat 1: I TAKE IT 85 ($268.91 in chips) 
Seat 2: Calabazaking ($137.84 in chips) 
Seat 3: Birdy318 ($100 in chips) 
Seat 4: Y_19 ($127.05 in chips) 
Seat 5: michasia ($107.28 in chips) 
Seat 6: pipisko111 ($57.03 in chips) 
pipisko111: posts small blind $0.50
I TAKE IT 85: posts big blind $1
*** HOLE CARDS ***
Calabazaking: folds 
Birdy318: folds 
Y_19: folds 
michasia: raises $1.80 to $2.80
pipisko111: folds 
I TAKE IT 85: folds 
Uncalled bet ($1.80) returned to michasia
michasia collected $2.50 from pot
michasia: doesn't show hand 
*** SUMMARY ***
Total pot $2.50 | Rake $0 
Seat 1: I TAKE IT 85 (big blind) folded before Flop
Seat 2: Calabazaking folded before Flop (didn't bet)
Seat 3: Birdy318 folded before Flop (didn't bet)
Seat 4: Y_19 folded before Flop (didn't bet)
Seat 5: michasia (button) collected ($2.50)
Seat 6: pipisko111 (small blind) folded before Flop



PokerStars Hand #254491377002:  Hold'em No Limit ($0.50/$1.00 USD) - 2025/01/21 22:34:37 WET [2025/01/21 17:34:37 ET]
Table 'Subamara IV' 6-max Seat #6 is the button
Seat 1: I TAKE IT 85 ($267.91 in chips) 
Seat 2: Calabazaking ($137.84 in chips) 
Seat 3: Birdy318 ($100 in chips) 
Seat 4: Y_19 ($127.05 in chips) 
Seat 5: michasia ($108.78 in chips) 
Seat 6: pipisko111 ($56.53 in chips) 
I TAKE IT 85: posts small blind $0.50
Calabazaking: posts big blind $1
*** HOLE CARDS ***
Birdy318: raises $2 to $3
Y_19: folds 
michasia: raises $6 to $9
pipisko111: folds 
I TAKE IT 85: folds 
Calabazaking: folds 
Birdy318: folds 
Uncalled bet ($6) returned to michasia
michasia collected $7.50 from pot
michasia: doesn't show hand 
*** SUMMARY ***
Total pot $7.50 | Rake $0 
Seat 1: I TAKE IT 85 (small blind) folded before Flop
Seat 2: Calabazaking (big blind) folded before Flop
Seat 3: Birdy318 folded before Flop
Seat 4: Y_19 folded before Flop (didn't bet)
Seat 5: michasia collected ($7.50)
Seat 6: pipisko111 (button) folded before Flop (didn't bet)



PokerStars Hand #254491383886:  Hold'em No Limit ($0.50/$1.00 USD) - 2025/01/21 22:35:02 WET [2025/01/21 17:35:02 ET]
Table 'Subamara IV' 6-max Seat #1 is the button
Seat 1: I TAKE IT 85 ($267.41 in chips) 
Seat 2: Calabazaking ($136.84 in chips) 
Seat 3: Birdy318 ($100 in chips) 
Seat 4: Y_19 ($127.05 in chips) 
Seat 5: michasia ($113.28 in chips) 
Seat 6: pipisko111 ($56.53 in chips) 
Calabazaking: posts small blind $0.50
Birdy318: posts big blind $1
*** HOLE CARDS ***
Y_19: folds 
michasia: folds 
pipisko111: folds 
I TAKE IT 85: raises $1.05 to $2.05
Calabazaking: folds 
Birdy318: raises $8.95 to $11
I TAKE IT 85: folds 
Uncalled bet ($8.95) returned to Birdy318
Birdy318 collected $4.60 from pot
*** SUMMARY ***
Total pot $4.60 | Rake $0 
Seat 1: I TAKE IT 85 (button) folded before Flop
Seat 2: Calabazaking (small blind) folded before Flop
Seat 3: Birdy318 (big blind) collected ($4.60)
Seat 4: Y_19 folded before Flop (didn't bet)
Seat 5: michasia folded before Flop (didn't bet)
Seat 6: pipisko111 folded before Flop (didn't bet)



PokerStars Hand #254491392568:  Hold'em No Limit ($0.50/$1.00 USD) - 2025/01/21 22:35:33 WET [2025/01/21 17:35:33 ET]
Table 'Subamara IV' 6-max Seat #2 is the button
Seat 1: I TAKE IT 85 ($265.36 in chips) 
Seat 2: Calabazaking ($136.34 in chips) 
Seat 3: Birdy318 ($102.55 in chips) 
Seat 4: Y_19 ($127.05 in chips) 
Seat 5: michasia ($113.28 in chips) 
Seat 6: pipisko111 ($56.53 in chips) 
Birdy318: posts small blind $0.50
Y_19: posts big blind $1
*** HOLE CARDS ***
michasia: folds 
pipisko111: folds 
I TAKE IT 85: folds 
Calabazaking: raises $1.50 to $2.50
Birdy318: folds 
Y_19: folds 
Uncalled bet ($1.50) returned to Calabazaking
Calabazaking collected $2.50 from pot
*** SUMMARY ***
Total pot $2.50 | Rake $0 
Seat 1: I TAKE IT 85 folded before Flop (didn't bet)
Seat 2: Calabazaking (button) collected ($2.50)
Seat 3: Birdy318 (small blind) folded before Flop
Seat 4: Y_19 (big blind) folded before Flop
Seat 5: michasia folded before Flop (didn't bet)
Seat 6: pipisko111 folded before Flop (didn't bet)



PokerStars Hand #254491397793:  Hold'em No Limit ($0.50/$1.00 USD) - 2025/01/21 22:35:51 WET [2025/01/21 17:35:51 ET]
Table 'Subamara IV' 6-max Seat #3 is the button
Seat 1: I TAKE IT 85 ($265.36 in chips) 
Seat 2: Calabazaking ($137.84 in chips) 
Seat 3: Birdy318 ($102.05 in chips) 
Seat 4: Y_19 ($126.05 in chips) 
Seat 5: michasia ($113.28 in chips) 
Seat 6: pipisko111 ($56.53 in chips) 
Y_19: posts small blind $0.50
michasia: posts big blind $1
*** HOLE CARDS ***
pipisko111: folds 
I TAKE IT 85: raises $1.05 to $2.05
Calabazaking: calls $2.05
Birdy318: calls $2.05
Y_19: folds 
michasia: calls $1.05
*** FLOP *** [Qs Kh Ad]
michasia: checks 
I TAKE IT 85: bets $2.07
Calabazaking: folds 
Birdy318: raises $6.93 to $9
michasia: folds 
I TAKE IT 85: calls $6.93
*** TURN *** [Qs Kh Ad] [4c]
I TAKE IT 85: checks 
Birdy318: bets $18
I TAKE IT 85: folds 
Uncalled bet ($18) returned to Birdy318
Birdy318 collected $25.36 from pot
*** SUMMARY ***
Total pot $26.70 | Rake $1.34 
Board [Qs Kh Ad 4c]
Seat 1: I TAKE IT 85 folded on the Turn
Seat 2: Calabazaking folded on the Flop
Seat 3: Birdy318 (button) collected ($25.36)
Seat 4: Y_19 (small blind) folded before Flop
Seat 5: michasia (big blind) folded on the Flop
Seat 6: pipisko111 folded before Flop (didn't bet)



PokerStars Hand #254491416880:  Hold'em No Limit ($0.50/$1.00 USD) - 2025/01/21 22:37:00 WET [2025/01/21 17:37:00 ET]
Table 'Subamara IV' 6-max Seat #4 is the button
Seat 1: I TAKE IT 85 ($254.31 in chips) 
Seat 2: Calabazaking ($135.79 in chips) 
Seat 3: Birdy318 ($116.36 in chips) 
Seat 4: Y_19 ($125.55 in chips) 
Seat 5: michasia ($111.23 in chips) 
Seat 6: pipisko111 ($56.53 in chips) 
michasia: posts small blind $0.50
pipisko111: posts big blind $1
*** HOLE CARDS ***
I TAKE IT 85: folds 
Calabazaking: folds 
Birdy318: folds 
Y_19: folds 
michasia: raises $2 to $3
pipisko111: folds 
Uncalled bet ($2) returned to michasia
michasia collected $2 from pot
michasia: doesn't show hand 
*** SUMMARY ***
Total pot $2 | Rake $0 
Seat 1: I TAKE IT 85 folded before Flop (didn't bet)
Seat 2: Calabazaking folded before Flop (didn't bet)
Seat 3: Birdy318 folded before Flop (didn't bet)
Seat 4: Y_19 (button) folded before Flop (didn't bet)
Seat 5: michasia (small blind) collected ($2)
Seat 6: pipisko111 (big blind) folded before Flop



PokerStars Hand #254491421363:  Hold'em No Limit ($0.50/$1.00 USD) - 2025/01/21 22:37:16 WET [2025/01/21 17:37:16 ET]
Table 'Subamara IV' 6-max Seat #5 is the button
Seat 1: I TAKE IT 85 ($254.31 in chips) 
Seat 2: Calabazaking ($135.79 in chips) 
Seat 3: Birdy318 ($116.36 in chips) 
Seat 4: Y_19 ($125.55 in chips) 
Seat 5: michasia ($112.23 in chips) 
Seat 6: pipisko111 ($55.53 in chips) 
pipisko111: posts small blind $0.50
I TAKE IT 85: posts big blind $1
*** HOLE CARDS ***
Calabazaking: folds 
Birdy318: folds 
Y_19: folds 
michasia: raises $1.80 to $2.80
pipisko111: calls $2.30
I TAKE IT 85: folds 
*** FLOP *** [9c 6h 7s]
pipisko111: checks 
michasia: bets $2.07
pipisko111: calls $2.07
*** TURN *** [9c 6h 7s] [2h]
pipisko111: checks 
michasia: checks 
*** RIVER *** [9c 6h 7s 2h] [7c]
pipisko111: checks 
michasia: bets $6.80
pipisko111: calls $6.80
*** SHOW DOWN ***
michasia: shows [Th 7h] (three of a kind, Sevens)
pipisko111: mucks hand 
michasia collected $23.12 from pot
*** SUMMARY ***
Total pot $24.34 | Rake $1.22 
Board [9c 6h 7s 2h 7c]
Seat 1: I TAKE IT 85 (big blind) folded before Flop
Seat 2: Calabazaking folded before Flop (didn't bet)
Seat 3: Birdy318 folded before Flop (didn't bet)
Seat 4: Y_19 folded before Flop (didn't bet)
Seat 5: michasia (button) showed [Th 7h] and won ($23.12) with three of a kind, Sevens
Seat 6: pipisko111 (small blind) mucked



PokerStars Hand #254491440768:  Hold'em No Limit ($0.50/$1.00 USD) - 2025/01/21 22:38:25 WET [2025/01/21 17:38:25 ET]
Table 'Subamara IV' 6-max Seat #6 is the button
Seat 1: I TAKE IT 85 ($253.31 in chips) 
Seat 2: Calabazaking ($135.79 in chips) 
Seat 3: Birdy318 ($116.36 in chips) 
Seat 4: Y_19 ($125.55 in chips) 
Seat 5: michasia ($123.68 in chips) 
Seat 6: pipisko111 ($43.86 in chips) 
I TAKE IT 85: posts small blind $0.50
Calabazaking: posts big blind $1
*** HOLE CARDS ***
Birdy318: folds 
Y_19: folds 
michasia: folds 
pipisko111: raises $1.10 to $2.10
I TAKE IT 85: folds 
Calabazaking: folds 
Uncalled bet ($1.10) returned to pipisko111
pipisko111 collected $2.50 from pot
pipisko111: doesn't show hand 
*** SUMMARY ***
Total pot $2.50 | Rake $0 
Seat 1: I TAKE IT 85 (small blind) folded before Flop
Seat 2: Calabazaking (big blind) folded before Flop
Seat 3: Birdy318 folded before Flop (didn't bet)
Seat 4: Y_19 folded before Flop (didn't bet)
Seat 5: michasia folded before Flop (didn't bet)
Seat 6: pipisko111 (button) collected ($2.50)



PokerStars Hand #254491446663:  Hold'em No Limit ($0.50/$1.00 USD) - 2025/01/21 22:38:45 WET [2025/01/21 17:38:45 ET]
Table 'Subamara IV' 6-max Seat #1 is the button
Seat 1: I TAKE IT 85 ($252.81 in chips) 
Seat 2: Calabazaking ($134.79 in chips) 
Seat 3: Birdy318 ($116.36 in chips) 
Seat 4: Y_19 ($125.55 in chips) 
Seat 5: michasia ($123.68 in chips) 
Seat 6: pipisko111 ($45.36 in chips) 
Calabazaking: posts small blind $0.50
Birdy318: posts big blind $1
*** HOLE CARDS ***
Y_19: folds 
michasia: raises $1.60 to $2.60
pipisko111: calls $2.60
I TAKE IT 85: folds 
Calabazaking: folds 
Birdy318: calls $1.60
*** FLOP *** [6s Ts Jc]
Birdy318: checks 
michasia: bets $5.25
pipisko111: folds 
Birdy318: folds 
Uncalled bet ($5.25) returned to michasia
michasia collected $7.88 from pot
michasia: doesn't show hand 
*** SUMMARY ***
Total pot $8.30 | Rake $0.42 
Board [6s Ts Jc]
Seat 1: I TAKE IT 85 (button) folded before Flop (didn't bet)
Seat 2: Calabazaking (small blind) folded before Flop
Seat 3: Birdy318 (big blind) folded on the Flop
Seat 4: Y_19 folded before Flop (didn't bet)
Seat 5: michasia collected ($7.88)
Seat 6: pipisko111 folded on the Flop



PokerStars Hand #254491456947:  Hold'em No Limit ($0.50/$1.00 USD) - 2025/01/21 22:39:22 WET [2025/01/21 17:39:22 ET]
Table 'Subamara IV' 6-max Seat #2 is the button
Seat 4: Y_19 ($125.55 in chips) is sitting out
Seat 1: I TAKE IT 85 ($252.81 in chips) 
Seat 2: Calabazaking ($134.29 in chips) 
Seat 3: Birdy318 ($113.76 in chips) 
Seat 5: michasia ($128.96 in chips) 
Seat 6: pipisko111 ($42.76 in chips) 
Birdy318: posts small blind $0.50
Y_19: is sitting out 
michasia: posts big blind $1
*** HOLE CARDS ***
pipisko111: raises $1.10 to $2.10
I TAKE IT 85: folds 
Calabazaking: raises $3.10 to $5.20
Birdy318: raises $11.80 to $17
michasia: folds 
pipisko111: folds 
Calabazaking: calls $11.80
*** FLOP *** [Kh 2h Ah]
Birdy318: bets $9.62
Calabazaking: calls $9.62
*** TURN *** [Kh 2h Ah] [Ks]
Birdy318: checks 
Calabazaking: bets $107.67 and is all-in
Birdy318: folds 
Uncalled bet ($107.67) returned to Calabazaking
Calabazaking collected $53.84 from pot
*** SUMMARY ***
Total pot $56.34 | Rake $2.50 
Board [Kh 2h Ah Ks]
Seat 4: Y_19
Seat 1: I TAKE IT 85 folded before Flop (didn't bet)
Seat 2: Calabazaking (button) collected ($53.84)
Seat 3: Birdy318 (small blind) folded on the Turn
Seat 5: michasia (big blind) folded before Flop
Seat 6: pipisko111 folded before Flop



PokerStars Hand #254491478081:  Hold'em No Limit ($0.50/$1.00 USD) - 2025/01/21 22:40:39 WET [2025/01/21 17:40:39 ET]
Table 'Subamara IV' 6-max Seat #3 is the button
Seat 4: Y_19 ($125.55 in chips) is sitting out
Seat 5: michasia ($127.96 in chips) is sitting out
Seat 1: I TAKE IT 85 ($252.81 in chips) 
Seat 2: Calabazaking ($161.51 in chips) 
Seat 3: Birdy318 ($100 in chips) 
Seat 6: pipisko111 ($40.66 in chips) 
pipisko111: posts small blind $0.50
I TAKE IT 85: posts big blind $1
*** HOLE CARDS ***
Calabazaking: folds 
Birdy318: folds 
pipisko111: raises $1.10 to $2.10
I TAKE IT 85: calls $1.10
*** FLOP *** [7s 4d As]
pipisko111: bets $2
I TAKE IT 85: calls $2
*** TURN *** [7s 4d As] [7h]
pipisko111: checks 
I TAKE IT 85: bets $2.96
Y_19 leaves the table
pipisko111: folds 
Uncalled bet ($2.96) returned to I TAKE IT 85
I TAKE IT 85 collected $7.79 from pot
I TAKE IT 85: doesn't show hand 
*** SUMMARY ***
Total pot $8.20 | Rake $0.41 
Board [7s 4d As 7h]
Seat 4: Y_19
Seat 5: michasia
Seat 1: I TAKE IT 85 (big blind) collected ($7.79)
Seat 2: Calabazaking folded before Flop (didn't bet)
Seat 3: Birdy318 (button) folded before Flop (didn't bet)
Seat 6: pipisko111 (small blind) folded on the Turn



PokerStars Hand #254491490618:  Hold'em No Limit ($0.50/$1.00 USD) - 2025/01/21 22:41:25 WET [2025/01/21 17:41:25 ET]
Table 'Subamara IV' 6-max Seat #6 is the button
Seat 5: michasia ($127.96 in chips) is sitting out
Seat 1: I TAKE IT 85 ($256.50 in chips) 
Seat 2: Calabazaking ($161.51 in chips) 
Seat 3: Birdy318 ($100 in chips) 
Seat 6: pipisko111 ($36.56 in chips) 
I TAKE IT 85: posts small blind $0.50
Calabazaking: posts big blind $1
*** HOLE CARDS ***
kvcsszblcs joins the table at seat #4 
Birdy318: folds 
pipisko111: raises $1.10 to $2.10
I TAKE IT 85: folds 
Calabazaking: folds 
Uncalled bet ($1.10) returned to pipisko111
pipisko111 collected $2.50 from pot
pipisko111: doesn't show hand 
*** SUMMARY ***
Total pot $2.50 | Rake $0 
Seat 5: michasia
Seat 1: I TAKE IT 85 (small blind) folded before Flop
Seat 2: Calabazaking (big blind) folded before Flop
Seat 3: Birdy318 folded before Flop (didn't bet)
Seat 6: pipisko111 (button) collected ($2.50)



PokerStars Hand #254491495949:  Hold'em No Limit ($0.50/$1.00 USD) - 2025/01/21 22:41:45 WET [2025/01/21 17:41:45 ET]
Table 'Subamara IV' 6-max Seat #1 is the button
Seat 4: kvcsszblcs ($100 in chips) is sitting out
Seat 5: michasia ($127.96 in chips) is sitting out
Seat 1: I TAKE IT 85 ($256 in chips) 
Seat 2: Calabazaking ($160.51 in chips) 
Seat 3: Birdy318 ($100 in chips) 
Seat 6: pipisko111 ($38.06 in chips) 
Calabazaking: posts small blind $0.50
Birdy318: posts big blind $1
kvcsszblcs: sits out 
*** HOLE CARDS ***
pipisko111: raises $1 to $2
I TAKE IT 85: raises $4 to $6
Calabazaking: folds 
Birdy318: folds 
pipisko111: calls $4
*** FLOP *** [6s 3c 5d]
pipisko111: checks 
I TAKE IT 85: checks 
*** TURN *** [6s 3c 5d] [Jc]
pipisko111: bets $9.62
I TAKE IT 85: calls $9.62
*** RIVER *** [6s 3c 5d Jc] [7h]
pipisko111: bets $22.44 and is all-in
I TAKE IT 85: folds 
Uncalled bet ($22.44) returned to pipisko111
pipisko111 collected $31.74 from pot
pipisko111: doesn't show hand 
*** SUMMARY ***
Total pot $32.74 | Rake $1 
Board [6s 3c 5d Jc 7h]
Seat 4: kvcsszblcs
Seat 5: michasia
Seat 1: I TAKE IT 85 (button) folded on the River
Seat 2: Calabazaking (small blind) folded before Flop
Seat 3: Birdy318 (big blind) folded before Flop
Seat 6: pipisko111 collected ($31.74)



PokerStars Hand #254491511895:  Hold'em No Limit ($0.50/$1.00 USD) - 2025/01/21 22:42:43 WET [2025/01/21 17:42:43 ET]
Table 'Subamara IV' 6-max Seat #2 is the button
Seat 5: michasia ($127.96 in chips) is sitting out
Seat 1: I TAKE IT 85 ($240.38 in chips) 
Seat 2: Calabazaking ($160.01 in chips) 
Seat 3: Birdy318 ($100 in chips) 
Seat 4: kvcsszblcs ($100 in chips) 
Seat 6: pipisko111 ($54.18 in chips) 
Birdy318: posts small blind $0.50
kvcsszblcs: posts big blind $1
*** HOLE CARDS ***
pipisko111: folds 
I TAKE IT 85: folds 
Calabazaking: folds 
Birdy318: raises $2 to $3
kvcsszblcs: calls $2
*** FLOP *** [8s 8h 7h]
Birdy318: bets $2
kvcsszblcs: folds 
Uncalled bet ($2) returned to Birdy318
Birdy318 collected $5.70 from pot
*** SUMMARY ***
Total pot $6 | Rake $0.30 
Board [8s 8h 7h]
Seat 5: michasia
Seat 1: I TAKE IT 85 folded before Flop (didn't bet)
Seat 2: Calabazaking (button) folded before Flop (didn't bet)
Seat 3: Birdy318 (small blind) collected ($5.70)
Seat 4: kvcsszblcs (big blind) folded on the Flop
Seat 6: pipisko111 folded before Flop (didn't bet)



PokerStars Hand #254491523663:  Hold'em No Limit ($0.50/$1.00 USD) - 2025/01/21 22:43:26 WET [2025/01/21 17:43:26 ET]
Table 'Subamara IV' 6-max Seat #3 is the button
Seat 5: michasia ($127.96 in chips) is sitting out
Seat 1: I TAKE IT 85 ($240.38 in chips) 
Seat 2: Calabazaking ($160.01 in chips) 
Seat 3: Birdy318 ($102.70 in chips) 
Seat 4: kvcsszblcs ($100 in chips) 
Seat 6: pipisko111 ($54.18 in chips) 
kvcsszblcs: posts small blind $0.50
pipisko111: posts big blind $1
*** HOLE CARDS ***
I TAKE IT 85: folds 
Calabazaking: folds 
Birdy318: folds 
kvcsszblcs: raises $1.85 to $2.85
pipisko111: folds 
Uncalled bet ($1.85) returned to kvcsszblcs
kvcsszblcs collected $2 from pot
kvcsszblcs: doesn't show hand 
*** SUMMARY ***
Total pot $2 | Rake $0 
Seat 5: michasia
Seat 1: I TAKE IT 85 folded before Flop (didn't bet)
Seat 2: Calabazaking folded before Flop (didn't bet)
Seat 3: Birdy318 (button) folded before Flop (didn't bet)
Seat 4: kvcsszblcs (small blind) collected ($2)
Seat 6: pipisko111 (big blind) folded before Flop



PokerStars Hand #254491527181:  Hold'em No Limit ($0.50/$1.00 USD) - 2025/01/21 22:43:39 WET [2025/01/21 17:43:39 ET]
Table 'Subamara IV' 6-max Seat #4 is the button
Seat 5: michasia ($127.96 in chips) is sitting out
Seat 1: I TAKE IT 85 ($240.38 in chips) 
Seat 2: Calabazaking ($160.01 in chips) 
Seat 3: Birdy318 ($102.70 in chips) 
Seat 4: kvcsszblcs ($101 in chips) 
Seat 6: pipisko111 ($53.18 in chips) 
pipisko111: posts small blind $0.50
I TAKE IT 85: posts big blind $1
*** HOLE CARDS ***
Calabazaking: folds 
Birdy318: folds 
kvcsszblcs: folds 
pipisko111: folds 
Uncalled bet ($0.50) returned to I TAKE IT 85
I TAKE IT 85 collected $1 from pot
I TAKE IT 85: doesn't show hand 
*** SUMMARY ***
Total pot $1 | Rake $0 
Seat 5: michasia
Seat 1: I TAKE IT 85 (big blind) collected ($1)
Seat 2: Calabazaking folded before Flop (didn't bet)
Seat 3: Birdy318 folded before Flop (didn't bet)
Seat 4: kvcsszblcs (button) folded before Flop (didn't bet)
Seat 6: pipisko111 (small blind) folded before Flop



PokerStars Hand #254491880540:  Hold'em No Limit ($0.50/$1.00 USD) - 2025/01/21 23:07:23 WET [2025/01/21 18:07:23 ET]
Table 'Subamara IV' 6-max Seat #6 is the button
Seat 1: I TAKE IT 85 ($200.71 in chips) 
Seat 2: Calabazaking ($165.66 in chips) 
Seat 3: Birdy318 ($170.91 in chips) 
Seat 4: kvcsszblcs ($102.50 in chips) 
Seat 5: henri789 ($100 in chips) 
Seat 6: pipisko111 ($34.22 in chips) 
I TAKE IT 85: posts small blind $0.50
Calabazaking: posts big blind $1
*** HOLE CARDS ***
Birdy318: raises $2 to $3
kvcsszblcs: raises $7 to $10
henri789: folds 
pipisko111: folds 
I TAKE IT 85: folds 
Calabazaking: folds 
Birdy318: calls $7
*** FLOP *** [4d 5s Ac]
Birdy318: checks 
kvcsszblcs: checks 
*** TURN *** [4d 5s Ac] [8h]
Birdy318: checks 
kvcsszblcs: bets $13.46
Birdy318: calls $13.46
*** RIVER *** [4d 5s Ac 8h] [Jh]
Birdy318: checks 
kvcsszblcs: checks 
*** SHOW DOWN ***
Birdy318: shows [5h 5c] (three of a kind, Fives)
kvcsszblcs: mucks hand 
Birdy318 collected $46 from pot
*** SUMMARY ***
Total pot $48.42 | Rake $2.42 
Board [4d 5s Ac 8h Jh]
Seat 1: I TAKE IT 85 (small blind) folded before Flop
Seat 2: Calabazaking (big blind) folded before Flop
Seat 3: Birdy318 showed [5h 5c] and won ($46) with three of a kind, Fives
Seat 4: kvcsszblcs mucked
Seat 5: henri789 folded before Flop (didn't bet)
Seat 6: pipisko111 (button) folded before Flop (didn't bet)



PokerStars Hand #254491903115:  Hold'em No Limit ($0.50/$1.00 USD) - 2025/01/21 23:08:51 WET [2025/01/21 18:08:51 ET]
Table 'Subamara IV' 6-max Seat #1 is the button
Seat 1: I TAKE IT 85 ($200.21 in chips) 
Seat 2: Calabazaking ($164.66 in chips) 
Seat 3: Birdy318 ($193.45 in chips) 
Seat 4: kvcsszblcs ($100 in chips) 
Seat 5: henri789 ($100 in chips) 
Seat 6: pipisko111 ($34.22 in chips) 
Calabazaking: posts small blind $0.50
Birdy318: posts big blind $1
*** HOLE CARDS ***
kvcsszblcs: folds 
henri789: folds 
pipisko111: folds 
I TAKE IT 85: folds 
Calabazaking: raises $2 to $3
Birdy318: calls $2
*** FLOP *** [9s Kd 2s]
Calabazaking: checks 
Birdy318: bets $2
Calabazaking: folds 
Uncalled bet ($2) returned to Birdy318
Birdy318 collected $5.70 from pot
*** SUMMARY ***
Total pot $6 | Rake $0.30 
Board [9s Kd 2s]
Seat 1: I TAKE IT 85 (button) folded before Flop (didn't bet)
Seat 2: Calabazaking (small blind) folded on the Flop
Seat 3: Birdy318 (big blind) collected ($5.70)
Seat 4: kvcsszblcs folded before Flop (didn't bet)
Seat 5: henri789 folded before Flop (didn't bet)
Seat 6: pipisko111 folded before Flop (didn't bet)



PokerStars Hand #254491913212:  Hold'em No Limit ($0.50/$1.00 USD) - 2025/01/21 23:09:30 WET [2025/01/21 18:09:30 ET]
Table 'Subamara IV' 6-max Seat #2 is the button
Seat 1: I TAKE IT 85 ($200.21 in chips) 
Seat 2: Calabazaking ($161.66 in chips) 
Seat 3: Birdy318 ($196.15 in chips) 
Seat 4: kvcsszblcs ($100 in chips) 
Seat 5: henri789 ($100 in chips) 
Seat 6: pipisko111 ($34.22 in chips) 
Birdy318: posts small blind $0.50
kvcsszblcs: posts big blind $1
*** HOLE CARDS ***
henri789: folds 
pipisko111: raises $1.10 to $2.10
I TAKE IT 85: raises $3.99 to $6.09
Calabazaking: folds 
Birdy318: folds 
kvcsszblcs: folds 
pipisko111: calls $3.99
*** FLOP *** [Ks Jc Jh]
pipisko111: checks 
I TAKE IT 85: checks 
*** TURN *** [Ks Jc Jh] [2c]
pipisko111: checks 
I TAKE IT 85: checks 
*** RIVER *** [Ks Jc Jh 2c] [5c]
pipisko111: checks 
I TAKE IT 85: bets $6.50
pipisko111: calls $6.50
*** SHOW DOWN ***
I TAKE IT 85: shows [Qd Qh] (two pair, Queens and Jacks)
pipisko111: mucks hand 
I TAKE IT 85 collected $25.35 from pot
*** SUMMARY ***
Total pot $26.68 | Rake $1.33 
Board [Ks Jc Jh 2c 5c]
Seat 1: I TAKE IT 85 showed [Qd Qh] and won ($25.35) with two pair, Queens and Jacks
Seat 2: Calabazaking (button) folded before Flop (didn't bet)
Seat 3: Birdy318 (small blind) folded before Flop
Seat 4: kvcsszblcs (big blind) folded before Flop
Seat 5: henri789 folded before Flop (didn't bet)
Seat 6: pipisko111 mucked



PokerStars Hand #254491934962:  Hold'em No Limit ($0.50/$1.00 USD) - 2025/01/21 23:10:54 WET [2025/01/21 18:10:54 ET]
Table 'Subamara IV' 6-max Seat #3 is the button
Seat 1: I TAKE IT 85 ($212.97 in chips) 
Seat 2: Calabazaking ($161.66 in chips) 
Seat 3: Birdy318 ($195.65 in chips) 
Seat 4: kvcsszblcs ($100 in chips) 
Seat 5: henri789 ($100 in chips) 
Seat 6: pipisko111 ($21.63 in chips) 
kvcsszblcs: posts small blind $0.50
henri789: posts big blind $1
*** HOLE CARDS ***
pipisko111: raises $2.50 to $3.50
I TAKE IT 85: folds 
Calabazaking: folds 
Birdy318: folds 
kvcsszblcs: folds 
henri789: folds 
Uncalled bet ($2.50) returned to pipisko111
pipisko111 collected $2.50 from pot
pipisko111: doesn't show hand 
*** SUMMARY ***
Total pot $2.50 | Rake $0 
Seat 1: I TAKE IT 85 folded before Flop (didn't bet)
Seat 2: Calabazaking folded before Flop (didn't bet)
Seat 3: Birdy318 (button) folded before Flop (didn't bet)
Seat 4: kvcsszblcs (small blind) folded before Flop
Seat 5: henri789 (big blind) folded before Flop
Seat 6: pipisko111 collected ($2.50)



PokerStars Hand #254491943050:  Hold'em No Limit ($0.50/$1.00 USD) - 2025/01/21 23:11:26 WET [2025/01/21 18:11:26 ET]
Table 'Subamara IV' 6-max Seat #4 is the button
Seat 1: I TAKE IT 85 ($212.97 in chips) 
Seat 2: Calabazaking ($161.66 in chips) 
Seat 3: Birdy318 ($195.65 in chips) 
Seat 4: kvcsszblcs ($100 in chips) 
Seat 5: henri789 ($100 in chips) 
Seat 6: pipisko111 ($23.13 in chips) 
henri789: posts small blind $0.50
pipisko111: posts big blind $1
*** HOLE CARDS ***
I TAKE IT 85: raises $1.05 to $2.05
Calabazaking: calls $2.05
Birdy318: folds 
kvcsszblcs: folds 
henri789: folds 
pipisko111: calls $1.05
*** FLOP *** [Ts 5d 8c]
pipisko111: checks 
I TAKE IT 85: checks 
Calabazaking: checks 
*** TURN *** [Ts 5d 8c] [Js]
pipisko111: checks 
I TAKE IT 85: checks 
Calabazaking: checks 
*** RIVER *** [Ts 5d 8c Js] [Kc]
pipisko111: checks 
I TAKE IT 85: bets $4.42
Calabazaking: folds 
pipisko111: folds 
Uncalled bet ($4.42) returned to I TAKE IT 85
I TAKE IT 85 collected $6.32 from pot
I TAKE IT 85: doesn't show hand 
*** SUMMARY ***
Total pot $6.65 | Rake $0.33 
Board [Ts 5d 8c Js Kc]
Seat 1: I TAKE IT 85 collected ($6.32)
Seat 2: Calabazaking folded on the River
Seat 3: Birdy318 folded before Flop (didn't bet)
Seat 4: kvcsszblcs (button) folded before Flop (didn't bet)
Seat 5: henri789 (small blind) folded before Flop
Seat 6: pipisko111 (big blind) folded on the River



PokerStars Hand #254491958179:  Hold'em No Limit ($0.50/$1.00 USD) - 2025/01/21 23:12:25 WET [2025/01/21 18:12:25 ET]
Table 'Subamara IV' 6-max Seat #5 is the button
Seat 1: I TAKE IT 85 ($217.24 in chips) is sitting out
Seat 2: Calabazaking ($159.61 in chips) 
Seat 3: Birdy318 ($195.65 in chips) 
Seat 4: kvcsszblcs ($100 in chips) 
Seat 5: henri789 ($100 in chips) 
Seat 6: pipisko111 ($21.08 in chips) 
pipisko111: posts small blind $0.50
I TAKE IT 85: is sitting out 
Calabazaking: posts big blind $1
*** HOLE CARDS ***
Birdy318: folds 
kvcsszblcs: folds 
I TAKE IT 85 leaves the table
henri789: folds 
michasia joins the table at seat #1 
pipisko111: raises $1.10 to $2.10
Calabazaking: folds 
Uncalled bet ($1.10) returned to pipisko111
pipisko111 collected $2 from pot
pipisko111: doesn't show hand 
Birdy318 leaves the table
*** SUMMARY ***
Total pot $2 | Rake $0 
Seat 1: I TAKE IT 85
Seat 2: Calabazaking (big blind) folded before Flop
Seat 3: Birdy318 folded before Flop (didn't bet)
Seat 4: kvcsszblcs folded before Flop (didn't bet)
Seat 5: henri789 (button) folded before Flop (didn't bet)
Seat 6: pipisko111 (small blind) collected ($2)



PokerStars Hand #254491961825:  Hold'em No Limit ($0.50/$1.00 USD) - 2025/01/21 23:12:39 WET [2025/01/21 18:12:39 ET]
Table 'Subamara IV' 6-max Seat #6 is the button
Seat 1: michasia ($110.65 in chips) is sitting out
Seat 2: Calabazaking ($158.61 in chips) 
Seat 4: kvcsszblcs ($100 in chips) 
Seat 5: henri789 ($100 in chips) 
Seat 6: pipisko111 ($22.08 in chips) 
Calabazaking: posts small blind $0.50
kvcsszblcs: posts big blind $1
*** HOLE CARDS ***
henri789: raises $1.50 to $2.50
pipisko111: calls $2.50
Calabazaking: folds 
kvcsszblcs: raises $11.50 to $14
henri789: folds 
Nikarta34 joins the table at seat #3 
pipisko111: raises $8.08 to $22.08 and is all-in
kvcsszblcs: calls $8.08
*** FLOP *** [6c 7c 6d]
*** TURN *** [6c 7c 6d] [6h]
*** RIVER *** [6c 7c 6d 6h] [8d]
*** SHOW DOWN ***
kvcsszblcs: shows [As Qd] (three of a kind, Sixes)
pipisko111: shows [Ad 2d] (three of a kind, Sixes - lower kicker)
kvcsszblcs collected $46.16 from pot
*** SUMMARY ***
Total pot $47.16 | Rake $1 
Board [6c 7c 6d 6h 8d]
Seat 1: michasia
Seat 2: Calabazaking (small blind) folded before Flop
Seat 4: kvcsszblcs (big blind) showed [As Qd] and won ($46.16) with three of a kind, Sixes
Seat 5: henri789 folded before Flop
Seat 6: pipisko111 (button) showed [Ad 2d] and lost with three of a kind, Sixes



PokerStars Hand #254491971806:  Hold'em No Limit ($0.50/$1.00 USD) - 2025/01/21 23:13:18 WET [2025/01/21 18:13:18 ET]
Table 'Subamara IV' 6-max Seat #2 is the button
Seat 1: michasia ($110.65 in chips) is sitting out
Seat 3: Nikarta34 ($100 in chips) is sitting out
Seat 6: pipisko111 ($0 in chips) is sitting out
Seat 2: Calabazaking ($158.11 in chips) 
Seat 4: kvcsszblcs ($124.08 in chips) 
Seat 5: henri789 ($100 in chips) 
kvcsszblcs: posts small blind $0.50
henri789: posts big blind $1
michasia: sits out 
*** HOLE CARDS ***
Calabazaking: raises $1.50 to $2.50
michasia leaves the table
kvcsszblcs: folds 
henri789: folds 
Uncalled bet ($1.50) returned to Calabazaking
Calabazaking collected $2.50 from pot
pipisko111 leaves the table
*** SUMMARY ***
Total pot $2.50 | Rake $0 
Seat 1: michasia
Seat 3: Nikarta34
Seat 6: pipisko111
Seat 2: Calabazaking (button) collected ($2.50)
Seat 4: kvcsszblcs (small blind) folded before Flop
Seat 5: henri789 (big blind) folded before Flop



PokerStars Hand #254491975138:  Hold'em No Limit ($0.50/$1.00 USD) - 2025/01/21 23:13:31 WET [2025/01/21 18:13:31 ET]
Table 'Subamara IV' 6-max Seat #4 is the button
Seat 3: Nikarta34 ($100 in chips) is sitting out
Seat 2: Calabazaking ($159.61 in chips) 
Seat 4: kvcsszblcs ($123.58 in chips) 
Seat 5: henri789 ($100 in chips) 
henri789: posts small blind $0.50
Calabazaking: posts big blind $1
Nikarta34: sits out 
*** HOLE CARDS ***
kvcsszblcs: raises $1.25 to $2.25
henri789: folds 
Calabazaking: calls $1.25
*** FLOP *** [8c 9d 8d]
Calabazaking: checks 
kvcsszblcs: checks 
*** TURN *** [8c 9d 8d] [3c]
Calabazaking: checks 
kvcsszblcs: checks 
*** RIVER *** [8c 9d 8d 3c] [4s]
Calabazaking: checks 
kvcsszblcs: checks 
*** SHOW DOWN ***
Calabazaking: shows [Tc Ad] (a pair of Eights)
kvcsszblcs: mucks hand 
Calabazaking collected $4.75 from pot
*** SUMMARY ***
Total pot $5 | Rake $0.25 
Board [8c 9d 8d 3c 4s]
Seat 3: Nikarta34
Seat 2: Calabazaking (big blind) showed [Tc Ad] and won ($4.75) with a pair of Eights
Seat 4: kvcsszblcs (button) mucked
Seat 5: henri789 (small blind) folded before Flop



PokerStars Hand #254491646012:  Hold'em No Limit ($0.50/$1.00 USD) - 2025/01/21 22:50:57 WET [2025/01/21 17:50:57 ET]
Table 'Subamara IV' 6-max Seat #6 is the button
Seat 4: kvcsszblcs ($104.77 in chips) is sitting out
Seat 1: I TAKE IT 85 ($216.43 in chips) 
Seat 2: Calabazaking ($142.27 in chips) 
Seat 3: Birdy318 ($134.74 in chips) 
Seat 5: michasia ($132.08 in chips) 
Seat 6: pipisko111 ($49.88 in chips) 
I TAKE IT 85: posts small blind $0.50
Calabazaking: posts big blind $1
*** HOLE CARDS ***
Birdy318: folds 
michasia: raises $1.80 to $2.80
pipisko111: folds 
I TAKE IT 85: folds 
Calabazaking: calls $1.80
*** FLOP *** [Th 4s 6d]
Calabazaking: checks 
michasia: checks 
*** TURN *** [Th 4s 6d] [5h]
Calabazaking: bets $3.19
michasia: calls $3.19
*** RIVER *** [Th 4s 6d 5h] [Jh]
Calabazaking: checks 
michasia: checks 
*** SHOW DOWN ***
Calabazaking: shows [6s 5s] (two pair, Sixes and Fives)
michasia: mucks hand 
Calabazaking collected $11.86 from pot
*** SUMMARY ***
Total pot $12.48 | Rake $0.62 
Board [Th 4s 6d 5h Jh]
Seat 4: kvcsszblcs
Seat 1: I TAKE IT 85 (small blind) folded before Flop
Seat 2: Calabazaking (big blind) showed [6s 5s] and won ($11.86) with two pair, Sixes and Fives
Seat 3: Birdy318 folded before Flop (didn't bet)
Seat 5: michasia mucked
Seat 6: pipisko111 (button) folded before Flop (didn't bet)



PokerStars Hand #254491654482:  Hold'em No Limit ($0.50/$1.00 USD) - 2025/01/21 22:51:29 WET [2025/01/21 17:51:29 ET]
Table 'Subamara IV' 6-max Seat #1 is the button
Seat 4: kvcsszblcs ($104.77 in chips) is sitting out
Seat 1: I TAKE IT 85 ($215.93 in chips) 
Seat 2: Calabazaking ($148.14 in chips) 
Seat 3: Birdy318 ($134.74 in chips) 
Seat 5: michasia ($126.09 in chips) 
Seat 6: pipisko111 ($49.88 in chips) 
Calabazaking: posts small blind $0.50
Birdy318: posts big blind $1
*** HOLE CARDS ***
michasia: folds 
pipisko111: raises $1.10 to $2.10
I TAKE IT 85: folds 
Calabazaking: folds 
Birdy318: calls $1.10
*** FLOP *** [Tc Ks 6c]
Birdy318: checks 
pipisko111: checks 
*** TURN *** [Tc Ks 6c] [5d]
Birdy318: checks 
pipisko111: checks 
*** RIVER *** [Tc Ks 6c 5d] [Ah]
Birdy318: checks 
pipisko111: bets $3
Birdy318: folds 
Uncalled bet ($3) returned to pipisko111
pipisko111 collected $4.46 from pot
pipisko111: doesn't show hand 
*** SUMMARY ***
Total pot $4.70 | Rake $0.24 
Board [Tc Ks 6c 5d Ah]
Seat 4: kvcsszblcs
Seat 1: I TAKE IT 85 (button) folded before Flop (didn't bet)
Seat 2: Calabazaking (small blind) folded before Flop
Seat 3: Birdy318 (big blind) folded on the River
Seat 5: michasia folded before Flop (didn't bet)
Seat 6: pipisko111 collected ($4.46)



PokerStars Hand #254491665433:  Hold'em No Limit ($0.50/$1.00 USD) - 2025/01/21 22:52:10 WET [2025/01/21 17:52:10 ET]
Table 'Subamara IV' 6-max Seat #2 is the button
Seat 1: I TAKE IT 85 ($215.93 in chips) 
Seat 2: Calabazaking ($147.64 in chips) 
Seat 3: Birdy318 ($132.64 in chips) 
Seat 4: kvcsszblcs ($104.77 in chips) 
Seat 5: michasia ($126.09 in chips) 
Seat 6: pipisko111 ($52.24 in chips) 
Birdy318: posts small blind $0.50
kvcsszblcs: posts big blind $1
*** HOLE CARDS ***
michasia: folds 
pipisko111: folds 
I TAKE IT 85: folds 
Calabazaking: raises $1.50 to $2.50
Birdy318: folds 
kvcsszblcs: folds 
Uncalled bet ($1.50) returned to Calabazaking
Calabazaking collected $2.50 from pot
*** SUMMARY ***
Total pot $2.50 | Rake $0 
Seat 1: I TAKE IT 85 folded before Flop (didn't bet)
Seat 2: Calabazaking (button) collected ($2.50)
Seat 3: Birdy318 (small blind) folded before Flop
Seat 4: kvcsszblcs (big blind) folded before Flop
Seat 5: michasia folded before Flop (didn't bet)
Seat 6: pipisko111 folded before Flop (didn't bet)



PokerStars Hand #254491672785:  Hold'em No Limit ($0.50/$1.00 USD) - 2025/01/21 22:52:39 WET [2025/01/21 17:52:39 ET]
Table 'Subamara IV' 6-max Seat #3 is the button
Seat 1: I TAKE IT 85 ($215.93 in chips) 
Seat 2: Calabazaking ($149.14 in chips) 
Seat 3: Birdy318 ($132.14 in chips) 
Seat 4: kvcsszblcs ($103.77 in chips) 
Seat 5: michasia ($126.09 in chips) 
Seat 6: pipisko111 ($52.24 in chips) 
kvcsszblcs: posts small blind $0.50
michasia: posts big blind $1
*** HOLE CARDS ***
pipisko111: folds 
I TAKE IT 85: folds 
Calabazaking: folds 
Birdy318: folds 
kvcsszblcs: folds 
Uncalled bet ($0.50) returned to michasia
michasia collected $1 from pot
michasia: doesn't show hand 
*** SUMMARY ***
Total pot $1 | Rake $0 
Seat 1: I TAKE IT 85 folded before Flop (didn't bet)
Seat 2: Calabazaking folded before Flop (didn't bet)
Seat 3: Birdy318 (button) folded before Flop (didn't bet)
Seat 4: kvcsszblcs (small blind) folded before Flop
Seat 5: michasia (big blind) collected ($1)
Seat 6: pipisko111 folded before Flop (didn't bet)



PokerStars Hand #254491677695:  Hold'em No Limit ($0.50/$1.00 USD) - 2025/01/21 22:52:57 WET [2025/01/21 17:52:57 ET]
Table 'Subamara IV' 6-max Seat #4 is the button
Seat 1: I TAKE IT 85 ($215.93 in chips) 
Seat 2: Calabazaking ($149.14 in chips) 
Seat 3: Birdy318 ($132.14 in chips) 
Seat 4: kvcsszblcs ($103.27 in chips) 
Seat 5: michasia ($126.59 in chips) 
Seat 6: pipisko111 ($52.24 in chips) 
michasia: posts small blind $0.50
pipisko111: posts big blind $1
*** HOLE CARDS ***
I TAKE IT 85: raises $1.05 to $2.05
Calabazaking: folds 
Birdy318: folds 
kvcsszblcs: folds 
michasia: folds 
pipisko111: folds 
Uncalled bet ($1.05) returned to I TAKE IT 85
I TAKE IT 85 collected $2.50 from pot
I TAKE IT 85: doesn't show hand 
*** SUMMARY ***
Total pot $2.50 | Rake $0 
Seat 1: I TAKE IT 85 collected ($2.50)
Seat 2: Calabazaking folded before Flop (didn't bet)
Seat 3: Birdy318 folded before Flop (didn't bet)
Seat 4: kvcsszblcs (button) folded before Flop (didn't bet)
Seat 5: michasia (small blind) folded before Flop
Seat 6: pipisko111 (big blind) folded before Flop



PokerStars Hand #254491683942:  Hold'em No Limit ($0.50/$1.00 USD) - 2025/01/21 22:53:21 WET [2025/01/21 17:53:21 ET]
Table 'Subamara IV' 6-max Seat #5 is the button
Seat 1: I TAKE IT 85 ($217.43 in chips) 
Seat 2: Calabazaking ($149.14 in chips) 
Seat 3: Birdy318 ($132.14 in chips) 
Seat 4: kvcsszblcs ($103.27 in chips) 
Seat 5: michasia ($126.09 in chips) 
Seat 6: pipisko111 ($51.24 in chips) 
pipisko111: posts small blind $0.50
I TAKE IT 85: posts big blind $1
*** HOLE CARDS ***
Calabazaking: folds 
Birdy318: folds 
kvcsszblcs: raises $1 to $2
michasia: folds 
pipisko111: folds 
I TAKE IT 85: folds 
Uncalled bet ($1) returned to kvcsszblcs
kvcsszblcs collected $2.50 from pot
kvcsszblcs: doesn't show hand 
*** SUMMARY ***
Total pot $2.50 | Rake $0 
Seat 1: I TAKE IT 85 (big blind) folded before Flop
Seat 2: Calabazaking folded before Flop (didn't bet)
Seat 3: Birdy318 folded before Flop (didn't bet)
Seat 4: kvcsszblcs collected ($2.50)
Seat 5: michasia (button) folded before Flop (didn't bet)
Seat 6: pipisko111 (small blind) folded before Flop



PokerStars Hand #254491690818:  Hold'em No Limit ($0.50/$1.00 USD) - 2025/01/21 22:53:48 WET [2025/01/21 17:53:48 ET]
Table 'Subamara IV' 6-max Seat #6 is the button
Seat 1: I TAKE IT 85 ($216.43 in chips) 
Seat 2: Calabazaking ($149.14 in chips) 
Seat 3: Birdy318 ($132.14 in chips) 
Seat 4: kvcsszblcs ($104.77 in chips) 
Seat 5: michasia ($126.09 in chips) 
Seat 6: pipisko111 ($50.74 in chips) 
I TAKE IT 85: posts small blind $0.50
Calabazaking: posts big blind $1
*** HOLE CARDS ***
Birdy318: folds 
kvcsszblcs: raises $1 to $2
michasia: folds 
pipisko111: folds 
I TAKE IT 85: folds 
Calabazaking: folds 
Uncalled bet ($1) returned to kvcsszblcs
kvcsszblcs collected $2.50 from pot
kvcsszblcs: doesn't show hand 
*** SUMMARY ***
Total pot $2.50 | Rake $0 
Seat 1: I TAKE IT 85 (small blind) folded before Flop
Seat 2: Calabazaking (big blind) folded before Flop
Seat 3: Birdy318 folded before Flop (didn't bet)
Seat 4: kvcsszblcs collected ($2.50)
Seat 5: michasia folded before Flop (didn't bet)
Seat 6: pipisko111 (button) folded before Flop (didn't bet)



PokerStars Hand #254491696170:  Hold'em No Limit ($0.50/$1.00 USD) - 2025/01/21 22:54:08 WET [2025/01/21 17:54:08 ET]
Table 'Subamara IV' 6-max Seat #1 is the button
Seat 1: I TAKE IT 85 ($215.93 in chips) 
Seat 2: Calabazaking ($148.14 in chips) 
Seat 3: Birdy318 ($132.14 in chips) 
Seat 4: kvcsszblcs ($106.27 in chips) 
Seat 5: michasia ($126.09 in chips) 
Seat 6: pipisko111 ($50.74 in chips) 
Calabazaking: posts small blind $0.50
Birdy318: posts big blind $1
*** HOLE CARDS ***
kvcsszblcs: folds 
michasia: folds 
pipisko111: folds 
I TAKE IT 85: raises $1.05 to $2.05
Calabazaking: folds 
Birdy318: calls $1.05
*** FLOP *** [Th 5d 8d]
Birdy318: checks 
I TAKE IT 85: bets $3.45
Birdy318: calls $3.45
*** TURN *** [Th 5d 8d] [8h]
Birdy318: checks 
I TAKE IT 85: checks 
*** RIVER *** [Th 5d 8d 8h] [Kh]
Birdy318: checks 
I TAKE IT 85: bets $8.63
Birdy318: calls $8.63
*** SHOW DOWN ***
I TAKE IT 85: shows [Jc 9c] (a pair of Eights)
Birdy318: shows [9s Tc] (two pair, Tens and Eights)
Birdy318 collected $27.32 from pot
*** SUMMARY ***
Total pot $28.76 | Rake $1.44 
Board [Th 5d 8d 8h Kh]
Seat 1: I TAKE IT 85 (button) showed [Jc 9c] and lost with a pair of Eights
Seat 2: Calabazaking (small blind) folded before Flop
Seat 3: Birdy318 (big blind) showed [9s Tc] and won ($27.32) with two pair, Tens and Eights
Seat 4: kvcsszblcs folded before Flop (didn't bet)
Seat 5: michasia folded before Flop (didn't bet)
Seat 6: pipisko111 folded before Flop (didn't bet)



PokerStars Hand #254491710711:  Hold'em No Limit ($0.50/$1.00 USD) - 2025/01/21 22:55:05 WET [2025/01/21 17:55:05 ET]
Table 'Subamara IV' 6-max Seat #2 is the button
Seat 1: I TAKE IT 85 ($201.80 in chips) 
Seat 2: Calabazaking ($147.64 in chips) 
Seat 3: Birdy318 ($145.33 in chips) 
Seat 4: kvcsszblcs ($106.27 in chips) 
Seat 5: michasia ($126.09 in chips) 
Seat 6: pipisko111 ($50.74 in chips) 
Birdy318: posts small blind $0.50
kvcsszblcs: posts big blind $1
*** HOLE CARDS ***
michasia: folds 
pipisko111: folds 
I TAKE IT 85: folds 
Calabazaking: raises $1.50 to $2.50
Birdy318: folds 
kvcsszblcs: folds 
Uncalled bet ($1.50) returned to Calabazaking
Calabazaking collected $2.50 from pot
*** SUMMARY ***
Total pot $2.50 | Rake $0 
Seat 1: I TAKE IT 85 folded before Flop (didn't bet)
Seat 2: Calabazaking (button) collected ($2.50)
Seat 3: Birdy318 (small blind) folded before Flop
Seat 4: kvcsszblcs (big blind) folded before Flop
Seat 5: michasia folded before Flop (didn't bet)
Seat 6: pipisko111 folded before Flop (didn't bet)



PokerStars Hand #254491714507:  Hold'em No Limit ($0.50/$1.00 USD) - 2025/01/21 22:55:24 WET [2025/01/21 17:55:24 ET]
Table 'Subamara IV' 6-max Seat #3 is the button
Seat 1: I TAKE IT 85 ($201.80 in chips) 
Seat 2: Calabazaking ($149.14 in chips) 
Seat 3: Birdy318 ($144.83 in chips) 
Seat 4: kvcsszblcs ($105.27 in chips) 
Seat 5: michasia ($126.09 in chips) 
Seat 6: pipisko111 ($50.74 in chips) 
kvcsszblcs: posts small blind $0.50
michasia: posts big blind $1
*** HOLE CARDS ***
pipisko111: raises $1.10 to $2.10
I TAKE IT 85: folds 
Calabazaking: raises $3.10 to $5.20
Birdy318: folds 
kvcsszblcs: folds 
michasia: folds 
pipisko111: calls $3.10
*** FLOP *** [2h 4h 5c]
pipisko111: checks 
Calabazaking: bets $6.22
pipisko111: calls $6.22
*** TURN *** [2h 4h 5c] [9h]
pipisko111: checks 
Calabazaking: bets $44
pipisko111: folds 
Uncalled bet ($44) returned to Calabazaking
Calabazaking collected $23.12 from pot
*** SUMMARY ***
Total pot $24.34 | Rake $1.22 
Board [2h 4h 5c 9h]
Seat 1: I TAKE IT 85 folded before Flop (didn't bet)
Seat 2: Calabazaking collected ($23.12)
Seat 3: Birdy318 (button) folded before Flop (didn't bet)
Seat 4: kvcsszblcs (small blind) folded before Flop
Seat 5: michasia (big blind) folded before Flop
Seat 6: pipisko111 folded on the Turn



PokerStars Hand #254491725859:  Hold'em No Limit ($0.50/$1.00 USD) - 2025/01/21 22:56:22 WET [2025/01/21 17:56:22 ET]
Table 'Subamara IV' 6-max Seat #4 is the button
Seat 1: I TAKE IT 85 ($201.80 in chips) 
Seat 2: Calabazaking ($160.84 in chips) 
Seat 3: Birdy318 ($144.83 in chips) 
Seat 4: kvcsszblcs ($104.77 in chips) 
Seat 5: michasia ($125.09 in chips) 
Seat 6: pipisko111 ($39.32 in chips) 
michasia: posts small blind $0.50
pipisko111: posts big blind $1
*** HOLE CARDS ***
I TAKE IT 85: raises $1.05 to $2.05
Calabazaking: folds 
Birdy318: folds 
kvcsszblcs: folds 
michasia: folds 
pipisko111: folds 
Uncalled bet ($1.05) returned to I TAKE IT 85
I TAKE IT 85 collected $2.50 from pot
I TAKE IT 85: doesn't show hand 
*** SUMMARY ***
Total pot $2.50 | Rake $0 
Seat 1: I TAKE IT 85 collected ($2.50)
Seat 2: Calabazaking folded before Flop (didn't bet)
Seat 3: Birdy318 folded before Flop (didn't bet)
Seat 4: kvcsszblcs (button) folded before Flop (didn't bet)
Seat 5: michasia (small blind) folded before Flop
Seat 6: pipisko111 (big blind) folded before Flop



PokerStars Hand #254491730253:  Hold'em No Limit ($0.50/$1.00 USD) - 2025/01/21 22:56:44 WET [2025/01/21 17:56:44 ET]
Table 'Subamara IV' 6-max Seat #5 is the button
Seat 1: I TAKE IT 85 ($203.30 in chips) 
Seat 2: Calabazaking ($160.84 in chips) 
Seat 3: Birdy318 ($144.83 in chips) 
Seat 4: kvcsszblcs ($104.77 in chips) 
Seat 5: michasia ($124.59 in chips) 
Seat 6: pipisko111 ($38.32 in chips) 
pipisko111: posts small blind $0.50
I TAKE IT 85: posts big blind $1
*** HOLE CARDS ***
Calabazaking: folds 
Birdy318: folds 
kvcsszblcs: folds 
michasia: folds 
pipisko111: raises $1 to $2
I TAKE IT 85: folds 
Uncalled bet ($1) returned to pipisko111
pipisko111 collected $2 from pot
pipisko111: doesn't show hand 
*** SUMMARY ***
Total pot $2 | Rake $0 
Seat 1: I TAKE IT 85 (big blind) folded before Flop
Seat 2: Calabazaking folded before Flop (didn't bet)
Seat 3: Birdy318 folded before Flop (didn't bet)
Seat 4: kvcsszblcs folded before Flop (didn't bet)
Seat 5: michasia (button) folded before Flop (didn't bet)
Seat 6: pipisko111 (small blind) collected ($2)



PokerStars Hand #254491733161:  Hold'em No Limit ($0.50/$1.00 USD) - 2025/01/21 22:56:58 WET [2025/01/21 17:56:58 ET]
Table 'Subamara IV' 6-max Seat #6 is the button
Seat 1: I TAKE IT 85 ($202.30 in chips) 
Seat 2: Calabazaking ($160.84 in chips) 
Seat 3: Birdy318 ($144.83 in chips) 
Seat 4: kvcsszblcs ($104.77 in chips) 
Seat 5: michasia ($124.59 in chips) 
Seat 6: pipisko111 ($39.32 in chips) 
I TAKE IT 85: posts small blind $0.50
Calabazaking: posts big blind $1
*** HOLE CARDS ***
Birdy318: folds 
kvcsszblcs: raises $1 to $2
michasia: folds 
pipisko111: folds 
I TAKE IT 85: folds 
Calabazaking: folds 
Uncalled bet ($1) returned to kvcsszblcs
kvcsszblcs collected $2.50 from pot
kvcsszblcs: doesn't show hand 
*** SUMMARY ***
Total pot $2.50 | Rake $0 
Seat 1: I TAKE IT 85 (small blind) folded before Flop
Seat 2: Calabazaking (big blind) folded before Flop
Seat 3: Birdy318 folded before Flop (didn't bet)
Seat 4: kvcsszblcs collected ($2.50)
Seat 5: michasia folded before Flop (didn't bet)
Seat 6: pipisko111 (button) folded before Flop (didn't bet)



PokerStars Hand #254491735616:  Hold'em No Limit ($0.50/$1.00 USD) - 2025/01/21 22:57:11 WET [2025/01/21 17:57:11 ET]
Table 'Subamara IV' 6-max Seat #1 is the button
Seat 1: I TAKE IT 85 ($201.80 in chips) 
Seat 2: Calabazaking ($159.84 in chips) 
Seat 3: Birdy318 ($144.83 in chips) 
Seat 4: kvcsszblcs ($106.27 in chips) 
Seat 5: michasia ($124.59 in chips) 
Seat 6: pipisko111 ($39.32 in chips) 
Calabazaking: posts small blind $0.50
Birdy318: posts big blind $1
*** HOLE CARDS ***
kvcsszblcs: folds 
michasia: raises $1.60 to $2.60
pipisko111: folds 
I TAKE IT 85: folds 
Calabazaking: folds 
Birdy318: folds 
Uncalled bet ($1.60) returned to michasia
michasia collected $2.50 from pot
michasia: doesn't show hand 
*** SUMMARY ***
Total pot $2.50 | Rake $0 
Seat 1: I TAKE IT 85 (button) folded before Flop (didn't bet)
Seat 2: Calabazaking (small blind) folded before Flop
Seat 3: Birdy318 (big blind) folded before Flop
Seat 4: kvcsszblcs folded before Flop (didn't bet)
Seat 5: michasia collected ($2.50)
Seat 6: pipisko111 folded before Flop (didn't bet)



PokerStars Hand #254491738287:  Hold'em No Limit ($0.50/$1.00 USD) - 2025/01/21 22:57:24 WET [2025/01/21 17:57:24 ET]
Table 'Subamara IV' 6-max Seat #2 is the button
Seat 1: I TAKE IT 85 ($201.80 in chips) 
Seat 2: Calabazaking ($159.34 in chips) 
Seat 3: Birdy318 ($143.83 in chips) 
Seat 4: kvcsszblcs ($106.27 in chips) 
Seat 5: michasia ($126.09 in chips) 
Seat 6: pipisko111 ($39.32 in chips) 
Birdy318: posts small blind $0.50
kvcsszblcs: posts big blind $1
*** HOLE CARDS ***
michasia: folds 
pipisko111: folds 
I TAKE IT 85: raises $1.05 to $2.05
Calabazaking: folds 
Birdy318: folds 
kvcsszblcs: folds 
Uncalled bet ($1.05) returned to I TAKE IT 85
I TAKE IT 85 collected $2.50 from pot
I TAKE IT 85: doesn't show hand 
*** SUMMARY ***
Total pot $2.50 | Rake $0 
Seat 1: I TAKE IT 85 collected ($2.50)
Seat 2: Calabazaking (button) folded before Flop (didn't bet)
Seat 3: Birdy318 (small blind) folded before Flop
Seat 4: kvcsszblcs (big blind) folded before Flop
Seat 5: michasia folded before Flop (didn't bet)
Seat 6: pipisko111 folded before Flop (didn't bet)



PokerStars Hand #254491742865:  Hold'em No Limit ($0.50/$1.00 USD) - 2025/01/21 22:57:48 WET [2025/01/21 17:57:48 ET]
Table 'Subamara IV' 6-max Seat #3 is the button
Seat 1: I TAKE IT 85 ($203.30 in chips) 
Seat 2: Calabazaking ($159.34 in chips) 
Seat 3: Birdy318 ($143.33 in chips) 
Seat 4: kvcsszblcs ($105.27 in chips) 
Seat 5: michasia ($126.09 in chips) 
Seat 6: pipisko111 ($39.32 in chips) 
kvcsszblcs: posts small blind $0.50
michasia: posts big blind $1
*** HOLE CARDS ***
pipisko111: folds 
I TAKE IT 85: folds 
Calabazaking: folds 
Birdy318: folds 
kvcsszblcs: raises $1.85 to $2.85
michasia: folds 
Uncalled bet ($1.85) returned to kvcsszblcs
kvcsszblcs collected $2 from pot
kvcsszblcs: doesn't show hand 
*** SUMMARY ***
Total pot $2 | Rake $0 
Seat 1: I TAKE IT 85 folded before Flop (didn't bet)
Seat 2: Calabazaking folded before Flop (didn't bet)
Seat 3: Birdy318 (button) folded before Flop (didn't bet)
Seat 4: kvcsszblcs (small blind) collected ($2)
Seat 5: michasia (big blind) folded before Flop
Seat 6: pipisko111 folded before Flop (didn't bet)



PokerStars Hand #254491747280:  Hold'em No Limit ($0.50/$1.00 USD) - 2025/01/21 22:58:10 WET [2025/01/21 17:58:10 ET]
Table 'Subamara IV' 6-max Seat #4 is the button
Seat 1: I TAKE IT 85 ($203.30 in chips) 
Seat 2: Calabazaking ($159.34 in chips) 
Seat 3: Birdy318 ($143.33 in chips) 
Seat 4: kvcsszblcs ($106.27 in chips) 
Seat 5: michasia ($125.09 in chips) 
Seat 6: pipisko111 ($39.32 in chips) 
michasia: posts small blind $0.50
pipisko111: posts big blind $1
*** HOLE CARDS ***
I TAKE IT 85: folds 
Calabazaking: folds 
Birdy318: raises $2 to $3
kvcsszblcs: folds 
michasia: folds 
pipisko111: folds 
Uncalled bet ($2) returned to Birdy318
Birdy318 collected $2.50 from pot
*** SUMMARY ***
Total pot $2.50 | Rake $0 
Seat 1: I TAKE IT 85 folded before Flop (didn't bet)
Seat 2: Calabazaking folded before Flop (didn't bet)
Seat 3: Birdy318 collected ($2.50)
Seat 4: kvcsszblcs (button) folded before Flop (didn't bet)
Seat 5: michasia (small blind) folded before Flop
Seat 6: pipisko111 (big blind) folded before Flop



PokerStars Hand #254491750385:  Hold'em No Limit ($0.50/$1.00 USD) - 2025/01/21 22:58:26 WET [2025/01/21 17:58:26 ET]
Table 'Subamara IV' 6-max Seat #5 is the button
Seat 1: I TAKE IT 85 ($203.30 in chips) 
Seat 2: Calabazaking ($159.34 in chips) 
Seat 3: Birdy318 ($144.83 in chips) 
Seat 4: kvcsszblcs ($106.27 in chips) 
Seat 5: michasia ($124.59 in chips) 
Seat 6: pipisko111 ($38.32 in chips) 
pipisko111: posts small blind $0.50
I TAKE IT 85: posts big blind $1
*** HOLE CARDS ***
Calabazaking: folds 
Birdy318: folds 
kvcsszblcs: raises $1 to $2
michasia: folds 
pipisko111: folds 
I TAKE IT 85: calls $1
*** FLOP *** [3h 9h 4h]
I TAKE IT 85: checks 
kvcsszblcs: checks 
*** TURN *** [3h 9h 4h] [Qh]
I TAKE IT 85: checks 
kvcsszblcs: checks 
*** RIVER *** [3h 9h 4h Qh] [8d]
I TAKE IT 85: checks 
kvcsszblcs: checks 
*** SHOW DOWN ***
I TAKE IT 85: shows [Ac 9d] (a pair of Nines)
kvcsszblcs: mucks hand 
I TAKE IT 85 collected $4.28 from pot
*** SUMMARY ***
Total pot $4.50 | Rake $0.22 
Board [3h 9h 4h Qh 8d]
Seat 1: I TAKE IT 85 (big blind) showed [Ac 9d] and won ($4.28) with a pair of Nines
Seat 2: Calabazaking folded before Flop (didn't bet)
Seat 3: Birdy318 folded before Flop (didn't bet)
Seat 4: kvcsszblcs mucked
Seat 5: michasia (button) folded before Flop (didn't bet)
Seat 6: pipisko111 (small blind) folded before Flop



PokerStars Hand #254491761013:  Hold'em No Limit ($0.50/$1.00 USD) - 2025/01/21 22:59:19 WET [2025/01/21 17:59:19 ET]
Table 'Subamara IV' 6-max Seat #6 is the button
Seat 1: I TAKE IT 85 ($205.58 in chips) 
Seat 2: Calabazaking ($159.34 in chips) 
Seat 3: Birdy318 ($144.83 in chips) 
Seat 4: kvcsszblcs ($104.27 in chips) 
Seat 5: michasia ($124.59 in chips) 
Seat 6: pipisko111 ($37.82 in chips) 
I TAKE IT 85: posts small blind $0.50
Calabazaking: posts big blind $1
*** HOLE CARDS ***
Birdy318: raises $2 to $3
kvcsszblcs: folds 
michasia: folds 
pipisko111: folds 
I TAKE IT 85: calls $2.50
Calabazaking: folds 
*** FLOP *** [8h Kh 3h]
I TAKE IT 85: checks 
Birdy318: checks 
*** TURN *** [8h Kh 3h] [2s]
I TAKE IT 85: bets $1.66
Birdy318: calls $1.66
*** RIVER *** [8h Kh 3h 2s] [5h]
I TAKE IT 85: bets $3.23
Birdy318: raises $22.77 to $26
I TAKE IT 85: folds 
Uncalled bet ($22.77) returned to Birdy318
Birdy318 collected $15.94 from pot
*** SUMMARY ***
Total pot $16.78 | Rake $0.84 
Board [8h Kh 3h 2s 5h]
Seat 1: I TAKE IT 85 (small blind) folded on the River
Seat 2: Calabazaking (big blind) folded before Flop
Seat 3: Birdy318 collected ($15.94)
Seat 4: kvcsszblcs folded before Flop (didn't bet)
Seat 5: michasia folded before Flop (didn't bet)
Seat 6: pipisko111 (button) folded before Flop (didn't bet)



PokerStars Hand #254491778288:  Hold'em No Limit ($0.50/$1.00 USD) - 2025/01/21 23:00:42 WET [2025/01/21 18:00:42 ET]
Table 'Subamara IV' 6-max Seat #1 is the button
Seat 1: I TAKE IT 85 ($197.69 in chips) 
Seat 2: Calabazaking ($158.34 in chips) 
Seat 3: Birdy318 ($152.88 in chips) 
Seat 4: kvcsszblcs ($104.27 in chips) 
Seat 5: michasia ($124.59 in chips) 
Seat 6: pipisko111 ($37.82 in chips) 
Calabazaking: posts small blind $0.50
Birdy318: posts big blind $1
*** HOLE CARDS ***
kvcsszblcs: folds 
michasia: folds 
pipisko111: raises $1.10 to $2.10
I TAKE IT 85: folds 
Calabazaking: folds 
Birdy318: raises $10.90 to $13
pipisko111: folds 
Uncalled bet ($10.90) returned to Birdy318
Birdy318 collected $4.70 from pot
*** SUMMARY ***
Total pot $4.70 | Rake $0 
Seat 1: I TAKE IT 85 (button) folded before Flop (didn't bet)
Seat 2: Calabazaking (small blind) folded before Flop
Seat 3: Birdy318 (big blind) collected ($4.70)
Seat 4: kvcsszblcs folded before Flop (didn't bet)
Seat 5: michasia folded before Flop (didn't bet)
Seat 6: pipisko111 folded before Flop



PokerStars Hand #254491785511:  Hold'em No Limit ($0.50/$1.00 USD) - 2025/01/21 23:01:13 WET [2025/01/21 18:01:13 ET]
Table 'Subamara IV' 6-max Seat #2 is the button
Seat 1: I TAKE IT 85 ($197.69 in chips) 
Seat 2: Calabazaking ($157.84 in chips) 
Seat 3: Birdy318 ($155.48 in chips) 
Seat 4: kvcsszblcs ($104.27 in chips) 
Seat 5: michasia ($124.59 in chips) 
Seat 6: pipisko111 ($35.72 in chips) 
Birdy318: posts small blind $0.50
kvcsszblcs: posts big blind $1
*** HOLE CARDS ***
michasia: raises $1.60 to $2.60
pipisko111: folds 
I TAKE IT 85: folds 
Calabazaking: folds 
Birdy318: folds 
kvcsszblcs: folds 
Uncalled bet ($1.60) returned to michasia
michasia collected $2.50 from pot
michasia: doesn't show hand 
*** SUMMARY ***
Total pot $2.50 | Rake $0 
Seat 1: I TAKE IT 85 folded before Flop (didn't bet)
Seat 2: Calabazaking (button) folded before Flop (didn't bet)
Seat 3: Birdy318 (small blind) folded before Flop
Seat 4: kvcsszblcs (big blind) folded before Flop
Seat 5: michasia collected ($2.50)
Seat 6: pipisko111 folded before Flop (didn't bet)



PokerStars Hand #254491788597:  Hold'em No Limit ($0.50/$1.00 USD) - 2025/01/21 23:01:26 WET [2025/01/21 18:01:26 ET]
Table 'Subamara IV' 6-max Seat #3 is the button
Seat 1: I TAKE IT 85 ($197.69 in chips) 
Seat 2: Calabazaking ($157.84 in chips) 
Seat 3: Birdy318 ($154.98 in chips) 
Seat 4: kvcsszblcs ($103.27 in chips) 
Seat 5: michasia ($126.09 in chips) 
Seat 6: pipisko111 ($35.72 in chips) 
kvcsszblcs: posts small blind $0.50
michasia: posts big blind $1
*** HOLE CARDS ***
pipisko111: folds 
I TAKE IT 85: raises $1.05 to $2.05
Calabazaking: folds 
Birdy318: folds 
kvcsszblcs: folds 
michasia: calls $1.05
*** FLOP *** [5c 3s 7c]
michasia: checks 
I TAKE IT 85: checks 
*** TURN *** [5c 3s 7c] [Ah]
michasia: checks 
I TAKE IT 85: checks 
*** RIVER *** [5c 3s 7c Ah] [6c]
michasia: checks 
I TAKE IT 85: checks 
*** SHOW DOWN ***
michasia: shows [9c 9d] (a pair of Nines)
I TAKE IT 85: shows [6h 5h] (two pair, Sixes and Fives)
I TAKE IT 85 collected $4.37 from pot
*** SUMMARY ***
Total pot $4.60 | Rake $0.23 
Board [5c 3s 7c Ah 6c]
Seat 1: I TAKE IT 85 showed [6h 5h] and won ($4.37) with two pair, Sixes and Fives
Seat 2: Calabazaking folded before Flop (didn't bet)
Seat 3: Birdy318 (button) folded before Flop (didn't bet)
Seat 4: kvcsszblcs (small blind) folded before Flop
Seat 5: michasia (big blind) showed [9c 9d] and lost with a pair of Nines
Seat 6: pipisko111 folded before Flop (didn't bet)



PokerStars Hand #254491797872:  Hold'em No Limit ($0.50/$1.00 USD) - 2025/01/21 23:02:02 WET [2025/01/21 18:02:02 ET]
Table 'Subamara IV' 6-max Seat #4 is the button
Seat 1: I TAKE IT 85 ($200.01 in chips) 
Seat 2: Calabazaking ($157.84 in chips) 
Seat 3: Birdy318 ($154.98 in chips) 
Seat 4: kvcsszblcs ($102.77 in chips) 
Seat 5: michasia ($124.04 in chips) 
Seat 6: pipisko111 ($35.72 in chips) 
michasia: posts small blind $0.50
pipisko111: posts big blind $1
*** HOLE CARDS ***
I TAKE IT 85: folds 
Calabazaking: folds 
Birdy318: folds 
kvcsszblcs: folds 
michasia: folds 
Uncalled bet ($0.50) returned to pipisko111
pipisko111 collected $1 from pot
pipisko111: doesn't show hand 
*** SUMMARY ***
Total pot $1 | Rake $0 
Seat 1: I TAKE IT 85 folded before Flop (didn't bet)
Seat 2: Calabazaking folded before Flop (didn't bet)
Seat 3: Birdy318 folded before Flop (didn't bet)
Seat 4: kvcsszblcs (button) folded before Flop (didn't bet)
Seat 5: michasia (small blind) folded before Flop
Seat 6: pipisko111 (big blind) collected ($1)



PokerStars Hand #254491801257:  Hold'em No Limit ($0.50/$1.00 USD) - 2025/01/21 23:02:17 WET [2025/01/21 18:02:17 ET]
Table 'Subamara IV' 6-max Seat #5 is the button
Seat 1: I TAKE IT 85 ($200.01 in chips) 
Seat 2: Calabazaking ($157.84 in chips) 
Seat 3: Birdy318 ($154.98 in chips) 
Seat 4: kvcsszblcs ($102.77 in chips) 
Seat 5: michasia ($123.54 in chips) 
Seat 6: pipisko111 ($36.22 in chips) 
pipisko111: posts small blind $0.50
I TAKE IT 85: posts big blind $1
*** HOLE CARDS ***
Calabazaking: folds 
Birdy318: folds 
kvcsszblcs: folds 
michasia: raises $1.80 to $2.80
pipisko111: folds 
I TAKE IT 85: folds 
Uncalled bet ($1.80) returned to michasia
michasia collected $2.50 from pot
michasia: doesn't show hand 
*** SUMMARY ***
Total pot $2.50 | Rake $0 
Seat 1: I TAKE IT 85 (big blind) folded before Flop
Seat 2: Calabazaking folded before Flop (didn't bet)
Seat 3: Birdy318 folded before Flop (didn't bet)
Seat 4: kvcsszblcs folded before Flop (didn't bet)
Seat 5: michasia (button) collected ($2.50)
Seat 6: pipisko111 (small blind) folded before Flop



PokerStars Hand #254491807801:  Hold'em No Limit ($0.50/$1.00 USD) - 2025/01/21 23:02:42 WET [2025/01/21 18:02:42 ET]
Table 'Subamara IV' 6-max Seat #6 is the button
Seat 1: I TAKE IT 85 ($199.01 in chips) 
Seat 2: Calabazaking ($157.84 in chips) 
Seat 3: Birdy318 ($154.98 in chips) 
Seat 4: kvcsszblcs ($102.77 in chips) 
Seat 5: michasia ($125.04 in chips) 
Seat 6: pipisko111 ($35.72 in chips) 
I TAKE IT 85: posts small blind $0.50
Calabazaking: posts big blind $1
*** HOLE CARDS ***
Birdy318: folds 
kvcsszblcs: folds 
michasia: folds 
pipisko111: folds 
I TAKE IT 85: raises $2 to $3
Calabazaking: calls $2
*** FLOP *** [Ks Js 7s]
I TAKE IT 85: checks 
Calabazaking: checks 
*** TURN *** [Ks Js 7s] [5s]
I TAKE IT 85: checks 
Calabazaking: checks 
*** RIVER *** [Ks Js 7s 5s] [4h]
I TAKE IT 85: bets $1.43
Calabazaking: folds 
Uncalled bet ($1.43) returned to I TAKE IT 85
I TAKE IT 85 collected $5.70 from pot
I TAKE IT 85: doesn't show hand 
*** SUMMARY ***
Total pot $6 | Rake $0.30 
Board [Ks Js 7s 5s 4h]
Seat 1: I TAKE IT 85 (small blind) collected ($5.70)
Seat 2: Calabazaking (big blind) folded on the River
Seat 3: Birdy318 folded before Flop (didn't bet)
Seat 4: kvcsszblcs folded before Flop (didn't bet)
Seat 5: michasia folded before Flop (didn't bet)
Seat 6: pipisko111 (button) folded before Flop (didn't bet)



PokerStars Hand #254491819917:  Hold'em No Limit ($0.50/$1.00 USD) - 2025/01/21 23:03:30 WET [2025/01/21 18:03:30 ET]
Table 'Subamara IV' 6-max Seat #1 is the button
Seat 1: I TAKE IT 85 ($201.71 in chips) 
Seat 2: Calabazaking ($154.84 in chips) 
Seat 3: Birdy318 ($154.98 in chips) 
Seat 4: kvcsszblcs ($102.77 in chips) 
Seat 5: michasia ($125.04 in chips) 
Seat 6: pipisko111 ($35.72 in chips) 
Calabazaking: posts small blind $0.50
Birdy318: posts big blind $1
*** HOLE CARDS ***
kvcsszblcs: folds 
michasia: raises $1.60 to $2.60
pipisko111: folds 
I TAKE IT 85: folds 
Calabazaking: folds 
Birdy318: calls $1.60
*** FLOP *** [6s 8s 6d]
Birdy318: checks 
michasia: bets $1.79
Birdy318: calls $1.79
*** TURN *** [6s 8s 6d] [Qs]
Birdy318: checks 
michasia: checks 
*** RIVER *** [6s 8s 6d Qs] [6h]
Birdy318: bets $10
michasia: calls $10
*** SHOW DOWN ***
Birdy318: shows [Qh Ac] (a full house, Sixes full of Queens)
michasia: mucks hand 
Birdy318 collected $27.82 from pot
*** SUMMARY ***
Total pot $29.28 | Rake $1.46 
Board [6s 8s 6d Qs 6h]
Seat 1: I TAKE IT 85 (button) folded before Flop (didn't bet)
Seat 2: Calabazaking (small blind) folded before Flop
Seat 3: Birdy318 (big blind) showed [Qh Ac] and won ($27.82) with a full house, Sixes full of Queens
Seat 4: kvcsszblcs folded before Flop (didn't bet)
Seat 5: michasia mucked
Seat 6: pipisko111 folded before Flop (didn't bet)



PokerStars Hand #254491836284:  Hold'em No Limit ($0.50/$1.00 USD) - 2025/01/21 23:04:33 WET [2025/01/21 18:04:33 ET]
Table 'Subamara IV' 6-max Seat #2 is the button
Seat 1: I TAKE IT 85 ($201.71 in chips) 
Seat 2: Calabazaking ($154.34 in chips) 
Seat 3: Birdy318 ($168.41 in chips) 
Seat 4: kvcsszblcs ($102.77 in chips) 
Seat 6: pipisko111 ($35.72 in chips) 
Birdy318: posts small blind $0.50
kvcsszblcs: posts big blind $1
*** HOLE CARDS ***
pipisko111: folds 
I TAKE IT 85: folds 
henri789 joins the table at seat #5 
Calabazaking: folds 
Birdy318: raises $2 to $3
kvcsszblcs: calls $2
*** FLOP *** [Qc Ac Td]
Birdy318: bets $2
kvcsszblcs: calls $2
*** TURN *** [Qc Ac Td] [3d]
Birdy318: bets $10
kvcsszblcs: calls $10
*** RIVER *** [Qc Ac Td 3d] [3h]
Birdy318: checks 
kvcsszblcs: checks 
*** SHOW DOWN ***
Birdy318: shows [Th Qs] (two pair, Queens and Tens)
kvcsszblcs: mucks hand 
Birdy318 collected $28.50 from pot
*** SUMMARY ***
Total pot $30 | Rake $1.50 
Board [Qc Ac Td 3d 3h]
Seat 1: I TAKE IT 85 folded before Flop (didn't bet)
Seat 2: Calabazaking (button) folded before Flop (didn't bet)
Seat 3: Birdy318 (small blind) showed [Th Qs] and won ($28.50) with two pair, Queens and Tens
Seat 4: kvcsszblcs (big blind) mucked
Seat 6: pipisko111 folded before Flop (didn't bet)



PokerStars Hand #254491856569:  Hold'em No Limit ($0.50/$1.00 USD) - 2025/01/21 23:05:50 WET [2025/01/21 18:05:50 ET]
Table 'Subamara IV' 6-max Seat #3 is the button
Seat 1: I TAKE IT 85 ($201.71 in chips) 
Seat 2: Calabazaking ($154.34 in chips) 
Seat 3: Birdy318 ($181.91 in chips) 
Seat 4: kvcsszblcs ($100 in chips) 
Seat 5: henri789 ($100 in chips) 
Seat 6: pipisko111 ($35.72 in chips) 
kvcsszblcs: posts small blind $0.50
henri789: posts big blind $1
*** HOLE CARDS ***
pipisko111: folds 
I TAKE IT 85: folds 
Calabazaking: folds 
Birdy318: folds 
kvcsszblcs: raises $1.85 to $2.85
henri789: folds 
Uncalled bet ($1.85) returned to kvcsszblcs
kvcsszblcs collected $2 from pot
kvcsszblcs: doesn't show hand 
*** SUMMARY ***
Total pot $2 | Rake $0 
Seat 1: I TAKE IT 85 folded before Flop (didn't bet)
Seat 2: Calabazaking folded before Flop (didn't bet)
Seat 3: Birdy318 (button) folded before Flop (didn't bet)
Seat 4: kvcsszblcs (small blind) collected ($2)
Seat 5: henri789 (big blind) folded before Flop
Seat 6: pipisko111 folded before Flop (didn't bet)



PokerStars Hand #254491864210:  Hold'em No Limit ($0.50/$1.00 USD) - 2025/01/21 23:06:20 WET [2025/01/21 18:06:20 ET]
Table 'Subamara IV' 6-max Seat #4 is the button
Seat 1: I TAKE IT 85 ($201.71 in chips) 
Seat 2: Calabazaking ($154.34 in chips) 
Seat 3: Birdy318 ($181.91 in chips) 
Seat 4: kvcsszblcs ($101 in chips) 
Seat 5: henri789 ($100 in chips) 
Seat 6: pipisko111 ($35.72 in chips) 
henri789: posts small blind $0.50
pipisko111: posts big blind $1
*** HOLE CARDS ***
I TAKE IT 85: folds 
Calabazaking: raises $1.50 to $2.50
Birdy318: raises $8.50 to $11
kvcsszblcs: folds 
henri789: folds 
pipisko111: folds 
Calabazaking: calls $8.50
*** FLOP *** [8s Qh 9d]
Calabazaking: checks 
Birdy318: checks 
*** TURN *** [8s Qh 9d] [3s]
Calabazaking: bets $7.50
Birdy318: folds 
Uncalled bet ($7.50) returned to Calabazaking
Calabazaking collected $22.32 from pot
*** SUMMARY ***
Total pot $23.50 | Rake $1.18 
Board [8s Qh 9d 3s]
Seat 1: I TAKE IT 85 folded before Flop (didn't bet)
Seat 2: Calabazaking collected ($22.32)
Seat 3: Birdy318 folded on the Turn
Seat 4: kvcsszblcs (button) folded before Flop (didn't bet)
Seat 5: henri789 (small blind) folded before Flop
Seat 6: pipisko111 (big blind) folded before Flop



PokerStars Hand #254491876535:  Hold'em No Limit ($0.50/$1.00 USD) - 2025/01/21 23:07:08 WET [2025/01/21 18:07:08 ET]
Table 'Subamara IV' 6-max Seat #5 is the button
Seat 1: I TAKE IT 85 ($201.71 in chips) 
Seat 2: Calabazaking ($165.66 in chips) 
Seat 3: Birdy318 ($170.91 in chips) 
Seat 4: kvcsszblcs ($101 in chips) 
Seat 5: henri789 ($100 in chips) 
Seat 6: pipisko111 ($34.72 in chips) 
pipisko111: posts small blind $0.50
I TAKE IT 85: posts big blind $1
*** HOLE CARDS ***
Calabazaking: folds 
Birdy318: folds 
kvcsszblcs: raises $1 to $2
henri789: folds 
pipisko111: folds 
I TAKE IT 85: folds 
Uncalled bet ($1) returned to kvcsszblcs
kvcsszblcs collected $2.50 from pot
kvcsszblcs: doesn't show hand 
*** SUMMARY ***
Total pot $2.50 | Rake $0 
Seat 1: I TAKE IT 85 (big blind) folded before Flop
Seat 2: Calabazaking folded before Flop (didn't bet)
Seat 3: Birdy318 folded before Flop (didn't bet)
Seat 4: kvcsszblcs collected ($2.50)
Seat 5: henri789 (button) folded before Flop (didn't bet)
Seat 6: pipisko111 (small blind) folded before Flop



