PokerStars Hand #254480852449:  Hold'em No Limit ($0.50/$1.00 USD) - 2025/01/21 6:40:51 WET [2025/01/21 1:40:51 ET]
Table 'Sicilia III' 6-max Seat #4 is the button
Seat 1: kel3vr4_23 ($26.08 in chips) 
Seat 2: 7bekon7 ($118.49 in chips) 
Seat 3: D_Robbbbbbbb ($84.59 in chips) 
Seat 4: EasyGamerrr ($127.63 in chips) 
Seat 5: janarr5 ($129.56 in chips) 
Seat 6: alexpipa27 ($16.60 in chips) 
janarr5: posts small blind $0.50
alexpipa27: posts big blind $1
*** HOLE CARDS ***
kel3vr4_23: folds 
7bekon7: folds 
D_Robbbbbbbb: folds 
EasyGamerrr: raises $1.50 to $2.50
janarr5: folds 
alexpipa27: raises $14.10 to $16.60 and is all-in
EasyGamerrr: folds 
Uncalled bet ($14.10) returned to alexpipa27
alexpipa27 collected $5.50 from pot
*** SUMMARY ***
Total pot $5.50 | Rake $0 
Seat 1: kel3vr4_23 folded before Flop (didn't bet)
Seat 2: 7bekon7 folded before Flop (didn't bet)
Seat 3: D_Robbbbbbbb folded before Flop (didn't bet)
Seat 4: EasyGamerrr (button) folded before Flop
Seat 5: janarr5 (small blind) folded before Flop
Seat 6: alexpipa27 (big blind) collected ($5.50)



PokerStars Hand #254480854660:  Hold'em No Limit ($0.50/$1.00 USD) - 2025/01/21 6:41:24 WET [2025/01/21 1:41:24 ET]
Table 'Sicilia III' 6-max Seat #5 is the button
Seat 1: kel3vr4_23 ($26.08 in chips) 
Seat 2: 7bekon7 ($118.49 in chips) 
Seat 3: D_Robbbbbbbb ($84.59 in chips) 
Seat 4: EasyGamerrr ($125.13 in chips) 
Seat 5: janarr5 ($129.06 in chips) 
Seat 6: alexpipa27 ($19.60 in chips) 
alexpipa27: posts small blind $0.50
kel3vr4_23: posts big blind $1
*** HOLE CARDS ***
7bekon7: raises $1.25 to $2.25
D_Robbbbbbbb: calls $2.25
EasyGamerrr: folds 
janarr5: calls $2.25
alexpipa27: folds 
kel3vr4_23: folds 
*** FLOP *** [Ad Qd Qs]
7bekon7: bets $1.96
D_Robbbbbbbb: folds 
janarr5: folds 
Uncalled bet ($1.96) returned to 7bekon7
7bekon7 collected $7.84 from pot
7bekon7: doesn't show hand 
*** SUMMARY ***
Total pot $8.25 | Rake $0.41 
Board [Ad Qd Qs]
Seat 1: kel3vr4_23 (big blind) folded before Flop
Seat 2: 7bekon7 collected ($7.84)
Seat 3: D_Robbbbbbbb folded on the Flop
Seat 4: EasyGamerrr folded before Flop (didn't bet)
Seat 5: janarr5 (button) folded on the Flop
Seat 6: alexpipa27 (small blind) folded before Flop



PokerStars Hand #254480857730:  Hold'em No Limit ($0.50/$1.00 USD) - 2025/01/21 6:42:09 WET [2025/01/21 1:42:09 ET]
Table 'Sicilia III' 6-max Seat #6 is the button
Seat 2: 7bekon7 ($124.08 in chips) is sitting out
Seat 1: kel3vr4_23 ($25.08 in chips) 
Seat 3: D_Robbbbbbbb ($82.34 in chips) 
Seat 4: EasyGamerrr ($125.13 in chips) 
Seat 5: janarr5 ($126.81 in chips) 
Seat 6: alexpipa27 ($19.10 in chips) 
kel3vr4_23: posts small blind $0.50
7bekon7: is sitting out 
D_Robbbbbbbb: posts big blind $1
*** HOLE CARDS ***
EasyGamerrr: folds 
janarr5: folds 
alexpipa27: folds 
kel3vr4_23: raises $2 to $3
7bekon7 leaves the table
fobot21 joins the table at seat #2 
D_Robbbbbbbb: folds 
Uncalled bet ($2) returned to kel3vr4_23
kel3vr4_23 collected $2 from pot
*** SUMMARY ***
Total pot $2 | Rake $0 
Seat 2: 7bekon7
Seat 1: kel3vr4_23 (small blind) collected ($2)
Seat 3: D_Robbbbbbbb (big blind) folded before Flop
Seat 4: EasyGamerrr folded before Flop (didn't bet)
Seat 5: janarr5 folded before Flop (didn't bet)
Seat 6: alexpipa27 (button) folded before Flop (didn't bet)



PokerStars Hand #254480859399:  Hold'em No Limit ($0.50/$1.00 USD) - 2025/01/21 6:42:34 WET [2025/01/21 1:42:34 ET]
Table 'Sicilia III' 6-max Seat #1 is the button
Seat 2: fobot21 ($100 in chips) is sitting out
Seat 1: kel3vr4_23 ($26.08 in chips) 
Seat 3: D_Robbbbbbbb ($81.34 in chips) 
Seat 4: EasyGamerrr ($125.13 in chips) 
Seat 5: janarr5 ($126.81 in chips) 
Seat 6: alexpipa27 ($19.10 in chips) 
D_Robbbbbbbb: posts small blind $0.50
EasyGamerrr: posts big blind $1
*** HOLE CARDS ***
janarr5: folds 
alexpipa27: raises $1 to $2
kel3vr4_23: calls $2
D_Robbbbbbbb: folds 
EasyGamerrr: calls $1
*** FLOP *** [5d 2d Td]
EasyGamerrr: checks 
alexpipa27: checks 
kel3vr4_23: bets $2
EasyGamerrr: folds 
alexpipa27: folds 
Uncalled bet ($2) returned to kel3vr4_23
kel3vr4_23 collected $6.18 from pot
*** SUMMARY ***
Total pot $6.50 | Rake $0.32 
Board [5d 2d Td]
Seat 2: fobot21
Seat 1: kel3vr4_23 (button) collected ($6.18)
Seat 3: D_Robbbbbbbb (small blind) folded before Flop
Seat 4: EasyGamerrr (big blind) folded on the Flop
Seat 5: janarr5 folded before Flop (didn't bet)
Seat 6: alexpipa27 folded on the Flop



PokerStars Hand #254480861651:  Hold'em No Limit ($0.50/$1.00 USD) - 2025/01/21 6:43:07 WET [2025/01/21 1:43:07 ET]
Table 'Sicilia III' 6-max Seat #3 is the button
Seat 2: fobot21 ($100 in chips) is sitting out
Seat 1: kel3vr4_23 ($30.26 in chips) 
Seat 3: D_Robbbbbbbb ($80.84 in chips) 
Seat 4: EasyGamerrr ($123.13 in chips) 
Seat 5: janarr5 ($126.81 in chips) 
Seat 6: alexpipa27 ($17.10 in chips) 
EasyGamerrr: posts small blind $0.50
janarr5: posts big blind $1
fobot21: sits out 
*** HOLE CARDS ***
alexpipa27: folds 
kel3vr4_23: folds 
D_Robbbbbbbb: folds 
EasyGamerrr: folds 
Uncalled bet ($0.50) returned to janarr5
janarr5 collected $1 from pot
janarr5: doesn't show hand 
*** SUMMARY ***
Total pot $1 | Rake $0 
Seat 2: fobot21
Seat 1: kel3vr4_23 folded before Flop (didn't bet)
Seat 3: D_Robbbbbbbb (button) folded before Flop (didn't bet)
Seat 4: EasyGamerrr (small blind) folded before Flop
Seat 5: janarr5 (big blind) collected ($1)
Seat 6: alexpipa27 folded before Flop (didn't bet)



PokerStars Hand #254480862326:  Hold'em No Limit ($0.50/$1.00 USD) - 2025/01/21 6:43:17 WET [2025/01/21 1:43:17 ET]
Table 'Sicilia III' 6-max Seat #4 is the button
Seat 2: fobot21 ($100 in chips) is sitting out
Seat 1: kel3vr4_23 ($30.26 in chips) 
Seat 3: D_Robbbbbbbb ($80.84 in chips) 
Seat 4: EasyGamerrr ($122.63 in chips) 
Seat 5: janarr5 ($127.31 in chips) 
Seat 6: alexpipa27 ($17.10 in chips) 
janarr5: posts small blind $0.50
alexpipa27: posts big blind $1
fobot21: sits out 
*** HOLE CARDS ***
kel3vr4_23: folds 
D_Robbbbbbbb: folds 
EasyGamerrr: raises $1.50 to $2.50
janarr5: raises $7.50 to $10
alexpipa27: folds 
EasyGamerrr: folds 
Uncalled bet ($7.50) returned to janarr5
janarr5 collected $6 from pot
janarr5: doesn't show hand 
*** SUMMARY ***
Total pot $6 | Rake $0 
Seat 2: fobot21
Seat 1: kel3vr4_23 folded before Flop (didn't bet)
Seat 3: D_Robbbbbbbb folded before Flop (didn't bet)
Seat 4: EasyGamerrr (button) folded before Flop
Seat 5: janarr5 (small blind) collected ($6)
Seat 6: alexpipa27 (big blind) folded before Flop



PokerStars Hand #254480864220:  Hold'em No Limit ($0.50/$1.00 USD) - 2025/01/21 6:43:45 WET [2025/01/21 1:43:45 ET]
Table 'Sicilia III' 6-max Seat #5 is the button
Seat 2: fobot21 ($100 in chips) is sitting out
Seat 1: kel3vr4_23 ($30.26 in chips) 
Seat 3: D_Robbbbbbbb ($80.84 in chips) 
Seat 4: EasyGamerrr ($120.13 in chips) 
Seat 5: janarr5 ($130.81 in chips) 
Seat 6: alexpipa27 ($16.10 in chips) 
alexpipa27: posts small blind $0.50
kel3vr4_23: posts big blind $1
fobot21: sits out 
*** HOLE CARDS ***
D_Robbbbbbbb has timed out
D_Robbbbbbbb: folds 
EasyGamerrr: raises $1.50 to $2.50
janarr5: folds 
alexpipa27: folds 
kel3vr4_23: folds 
Uncalled bet ($1.50) returned to EasyGamerrr
EasyGamerrr collected $2.50 from pot
EasyGamerrr: doesn't show hand 
*** SUMMARY ***
Total pot $2.50 | Rake $0 
Seat 2: fobot21
Seat 1: kel3vr4_23 (big blind) folded before Flop
Seat 3: D_Robbbbbbbb folded before Flop (didn't bet)
Seat 4: EasyGamerrr collected ($2.50)
Seat 5: janarr5 (button) folded before Flop (didn't bet)
Seat 6: alexpipa27 (small blind) folded before Flop



PokerStars Hand #254480865845:  Hold'em No Limit ($0.50/$1.00 USD) - 2025/01/21 6:44:09 WET [2025/01/21 1:44:09 ET]
Table 'Sicilia III' 6-max Seat #6 is the button
Seat 1: kel3vr4_23 ($29.26 in chips) 
Seat 2: fobot21 ($100 in chips) 
Seat 3: D_Robbbbbbbb ($80.84 in chips) 
Seat 4: EasyGamerrr ($121.63 in chips) 
Seat 5: janarr5 ($130.81 in chips) 
Seat 6: alexpipa27 ($15.60 in chips) 
kel3vr4_23: posts small blind $0.50
fobot21: posts big blind $1
*** HOLE CARDS ***
D_Robbbbbbbb: folds 
EasyGamerrr: folds 
janarr5: folds 
alexpipa27: folds 
kel3vr4_23: folds 
Uncalled bet ($0.50) returned to fobot21
fobot21 collected $1 from pot
fobot21: doesn't show hand 
*** SUMMARY ***
Total pot $1 | Rake $0 
Seat 1: kel3vr4_23 (small blind) folded before Flop
Seat 2: fobot21 (big blind) collected ($1)
Seat 3: D_Robbbbbbbb folded before Flop (didn't bet)
Seat 4: EasyGamerrr folded before Flop (didn't bet)
Seat 5: janarr5 folded before Flop (didn't bet)
Seat 6: alexpipa27 (button) folded before Flop (didn't bet)



PokerStars Hand #254480866747:  Hold'em No Limit ($0.50/$1.00 USD) - 2025/01/21 6:44:22 WET [2025/01/21 1:44:22 ET]
Table 'Sicilia III' 6-max Seat #1 is the button
Seat 1: kel3vr4_23 ($28.76 in chips) 
Seat 2: fobot21 ($100.50 in chips) 
Seat 3: D_Robbbbbbbb ($80.84 in chips) 
Seat 4: EasyGamerrr ($121.63 in chips) 
Seat 5: janarr5 ($130.81 in chips) 
Seat 6: alexpipa27 ($15.60 in chips) 
fobot21: posts small blind $0.50
D_Robbbbbbbb: posts big blind $1
*** HOLE CARDS ***
EasyGamerrr: folds 
janarr5: folds 
alexpipa27: folds 
kel3vr4_23: folds 
fobot21: raises $1 to $2
D_Robbbbbbbb: calls $1
*** FLOP *** [5d Kh 4d]
kel3vr4_23 is disconnected 
fobot21: checks 
D_Robbbbbbbb: checks 
*** TURN *** [5d Kh 4d] [Ac]
fobot21: bets $5.50
D_Robbbbbbbb: calls $5.50
*** RIVER *** [5d Kh 4d Ac] [Ah]
fobot21: checks 
D_Robbbbbbbb: checks 
*** SHOW DOWN ***
fobot21: shows [Kd 4s] (two pair, Aces and Kings)
D_Robbbbbbbb: shows [8c As] (three of a kind, Aces)
D_Robbbbbbbb collected $14.25 from pot
*** SUMMARY ***
Total pot $15 | Rake $0.75 
Board [5d Kh 4d Ac Ah]
Seat 1: kel3vr4_23 (button) folded before Flop (didn't bet)
Seat 2: fobot21 (small blind) showed [Kd 4s] and lost with two pair, Aces and Kings
Seat 3: D_Robbbbbbbb (big blind) showed [8c As] and won ($14.25) with three of a kind, Aces
Seat 4: EasyGamerrr folded before Flop (didn't bet)
Seat 5: janarr5 folded before Flop (didn't bet)
Seat 6: alexpipa27 folded before Flop (didn't bet)



PokerStars Hand #254480870331:  Hold'em No Limit ($0.50/$1.00 USD) - 2025/01/21 6:45:15 WET [2025/01/21 1:45:15 ET]
Table 'Sicilia III' 6-max Seat #2 is the button
Seat 1: kel3vr4_23 ($28.76 in chips) 
Seat 2: fobot21 ($100 in chips) 
Seat 3: D_Robbbbbbbb ($87.59 in chips) 
Seat 4: EasyGamerrr ($121.63 in chips) 
Seat 5: janarr5 ($130.81 in chips) 
Seat 6: alexpipa27 ($15.60 in chips) 
D_Robbbbbbbb: posts small blind $0.50
EasyGamerrr: posts big blind $1
*** HOLE CARDS ***
janarr5: folds 
alexpipa27: folds 
kel3vr4_23: folds 
fobot21: folds 
D_Robbbbbbbb: raises $1 to $2
EasyGamerrr: folds 
Uncalled bet ($1) returned to D_Robbbbbbbb
D_Robbbbbbbb collected $2 from pot
D_Robbbbbbbb: doesn't show hand 
*** SUMMARY ***
Total pot $2 | Rake $0 
Seat 1: kel3vr4_23 folded before Flop (didn't bet)
Seat 2: fobot21 (button) folded before Flop (didn't bet)
Seat 3: D_Robbbbbbbb (small blind) collected ($2)
Seat 4: EasyGamerrr (big blind) folded before Flop
Seat 5: janarr5 folded before Flop (didn't bet)
Seat 6: alexpipa27 folded before Flop (didn't bet)



PokerStars Hand #254480871529:  Hold'em No Limit ($0.50/$1.00 USD) - 2025/01/21 6:45:32 WET [2025/01/21 1:45:32 ET]
Table 'Sicilia III' 6-max Seat #3 is the button
Seat 1: kel3vr4_23 ($28.76 in chips) 
Seat 2: fobot21 ($100 in chips) 
Seat 3: D_Robbbbbbbb ($88.59 in chips) 
Seat 4: EasyGamerrr ($120.63 in chips) 
Seat 5: janarr5 ($130.81 in chips) 
Seat 6: alexpipa27 ($15.60 in chips) 
EasyGamerrr: posts small blind $0.50
janarr5: posts big blind $1
*** HOLE CARDS ***
alexpipa27: folds 
kel3vr4_23: folds 
fobot21: raises $1.50 to $2.50
D_Robbbbbbbb: folds 
EasyGamerrr: folds 
janarr5: folds 
Uncalled bet ($1.50) returned to fobot21
fobot21 collected $2.50 from pot
fobot21: doesn't show hand 
*** SUMMARY ***
Total pot $2.50 | Rake $0 
Seat 1: kel3vr4_23 folded before Flop (didn't bet)
Seat 2: fobot21 collected ($2.50)
Seat 3: D_Robbbbbbbb (button) folded before Flop (didn't bet)
Seat 4: EasyGamerrr (small blind) folded before Flop
Seat 5: janarr5 (big blind) folded before Flop
Seat 6: alexpipa27 folded before Flop (didn't bet)



PokerStars Hand #254480872823:  Hold'em No Limit ($0.50/$1.00 USD) - 2025/01/21 6:45:50 WET [2025/01/21 1:45:50 ET]
Table 'Sicilia III' 6-max Seat #4 is the button
Seat 1: kel3vr4_23 ($28.76 in chips) 
Seat 2: fobot21 ($101.50 in chips) 
Seat 3: D_Robbbbbbbb ($88.59 in chips) 
Seat 4: EasyGamerrr ($120.13 in chips) 
Seat 5: janarr5 ($129.81 in chips) 
Seat 6: alexpipa27 ($15.60 in chips) 
janarr5: posts small blind $0.50
alexpipa27: posts big blind $1
*** HOLE CARDS ***
kel3vr4_23: folds 
fobot21: folds 
D_Robbbbbbbb: raises $1 to $2
EasyGamerrr: folds 
janarr5: folds 
alexpipa27: raises $13.60 to $15.60 and is all-in
kel3vr4_23 is disconnected 
D_Robbbbbbbb: folds 
Uncalled bet ($13.60) returned to alexpipa27
alexpipa27 collected $4.50 from pot
alexpipa27: shows [As]
*** SUMMARY ***
Total pot $4.50 | Rake $0 
Seat 1: kel3vr4_23 folded before Flop (didn't bet)
Seat 2: fobot21 folded before Flop (didn't bet)
Seat 3: D_Robbbbbbbb folded before Flop
Seat 4: EasyGamerrr (button) folded before Flop (didn't bet)
Seat 5: janarr5 (small blind) folded before Flop
Seat 6: alexpipa27 (big blind) collected ($4.50)



PokerStars Hand #254480875301:  Hold'em No Limit ($0.50/$1.00 USD) - 2025/01/21 6:46:26 WET [2025/01/21 1:46:26 ET]
Table 'Sicilia III' 6-max Seat #5 is the button
Seat 1: kel3vr4_23 ($28.76 in chips) 
Seat 2: fobot21 ($101.50 in chips) 
Seat 3: D_Robbbbbbbb ($86.59 in chips) 
Seat 4: EasyGamerrr ($120.13 in chips) 
Seat 5: janarr5 ($129.31 in chips) 
Seat 6: alexpipa27 ($18.10 in chips) 
alexpipa27: posts small blind $0.50
kel3vr4_23: posts big blind $1
*** HOLE CARDS ***
fobot21: folds 
D_Robbbbbbbb: raises $1 to $2
EasyGamerrr: folds 
janarr5: raises $5 to $7
alexpipa27: folds 
kel3vr4_23: folds 
D_Robbbbbbbb: calls $5
*** FLOP *** [Jd Jh 6c]
D_Robbbbbbbb: checks 
janarr5: bets $4.86
D_Robbbbbbbb: calls $4.86
*** TURN *** [Jd Jh 6c] [4s]
D_Robbbbbbbb: checks 
janarr5: bets $14
D_Robbbbbbbb: folds 
Uncalled bet ($14) returned to janarr5
janarr5 collected $23.96 from pot
janarr5: doesn't show hand 
*** SUMMARY ***
Total pot $25.22 | Rake $1.26 
Board [Jd Jh 6c 4s]
Seat 1: kel3vr4_23 (big blind) folded before Flop
Seat 2: fobot21 folded before Flop (didn't bet)
Seat 3: D_Robbbbbbbb folded on the Turn
Seat 4: EasyGamerrr folded before Flop (didn't bet)
Seat 5: janarr5 (button) collected ($23.96)
Seat 6: alexpipa27 (small blind) folded before Flop



PokerStars Hand #254480880181:  Hold'em No Limit ($0.50/$1.00 USD) - 2025/01/21 6:47:36 WET [2025/01/21 1:47:36 ET]
Table 'Sicilia III' 6-max Seat #6 is the button
Seat 1: kel3vr4_23 ($27.76 in chips) 
Seat 2: fobot21 ($101.50 in chips) 
Seat 3: D_Robbbbbbbb ($74.73 in chips) 
Seat 4: EasyGamerrr ($120.13 in chips) 
Seat 5: janarr5 ($141.41 in chips) 
Seat 6: alexpipa27 ($17.60 in chips) 
kel3vr4_23: posts small blind $0.50
fobot21: posts big blind $1
*** HOLE CARDS ***
D_Robbbbbbbb: raises $1 to $2
EasyGamerrr: folds 
janarr5: folds 
alexpipa27: folds 
kel3vr4_23: calls $1.50
fobot21: folds 
*** FLOP *** [Ah 7s Qd]
kel3vr4_23: checks 
D_Robbbbbbbb: checks 
*** TURN *** [Ah 7s Qd] [6c]
kel3vr4_23: bets $2
D_Robbbbbbbb: calls $2
*** RIVER *** [Ah 7s Qd 6c] [Jh]
kel3vr4_23: bets $2
D_Robbbbbbbb: folds 
Uncalled bet ($2) returned to kel3vr4_23
kel3vr4_23 collected $8.55 from pot
*** SUMMARY ***
Total pot $9 | Rake $0.45 
Board [Ah 7s Qd 6c Jh]
Seat 1: kel3vr4_23 (small blind) collected ($8.55)
Seat 2: fobot21 (big blind) folded before Flop
Seat 3: D_Robbbbbbbb folded on the River
Seat 4: EasyGamerrr folded before Flop (didn't bet)
Seat 5: janarr5 folded before Flop (didn't bet)
Seat 6: alexpipa27 (button) folded before Flop (didn't bet)



PokerStars Hand #254480882284:  Hold'em No Limit ($0.50/$1.00 USD) - 2025/01/21 6:48:06 WET [2025/01/21 1:48:06 ET]
Table 'Sicilia III' 6-max Seat #1 is the button
Seat 1: kel3vr4_23 ($32.31 in chips) 
Seat 2: fobot21 ($100.50 in chips) 
Seat 3: D_Robbbbbbbb ($70.73 in chips) 
Seat 4: EasyGamerrr ($120.13 in chips) 
Seat 5: janarr5 ($141.41 in chips) 
Seat 6: alexpipa27 ($17.60 in chips) 
fobot21: posts small blind $0.50
D_Robbbbbbbb: posts big blind $1
*** HOLE CARDS ***
EasyGamerrr: folds 
janarr5: folds 
alexpipa27: folds 
kel3vr4_23: folds 
fobot21: folds 
Uncalled bet ($0.50) returned to D_Robbbbbbbb
D_Robbbbbbbb collected $1 from pot
D_Robbbbbbbb: doesn't show hand 
*** SUMMARY ***
Total pot $1 | Rake $0 
Seat 1: kel3vr4_23 (button) folded before Flop (didn't bet)
Seat 2: fobot21 (small blind) folded before Flop
Seat 3: D_Robbbbbbbb (big blind) collected ($1)
Seat 4: EasyGamerrr folded before Flop (didn't bet)
Seat 5: janarr5 folded before Flop (didn't bet)
Seat 6: alexpipa27 folded before Flop (didn't bet)



PokerStars Hand #254480882952:  Hold'em No Limit ($0.50/$1.00 USD) - 2025/01/21 6:48:16 WET [2025/01/21 1:48:16 ET]
Table 'Sicilia III' 6-max Seat #2 is the button
Seat 1: kel3vr4_23 ($32.31 in chips) 
Seat 2: fobot21 ($100 in chips) 
Seat 3: D_Robbbbbbbb ($71.23 in chips) 
Seat 4: EasyGamerrr ($120.13 in chips) 
Seat 5: janarr5 ($141.41 in chips) 
Seat 6: alexpipa27 ($17.60 in chips) 
D_Robbbbbbbb: posts small blind $0.50
EasyGamerrr: posts big blind $1
*** HOLE CARDS ***
janarr5: raises $1.25 to $2.25
alexpipa27: raises $15.35 to $17.60 and is all-in
kel3vr4_23: folds 
fobot21: folds 
D_Robbbbbbbb: folds 
EasyGamerrr: folds 
janarr5: folds 
Uncalled bet ($15.35) returned to alexpipa27
alexpipa27 collected $6 from pot
*** SUMMARY ***
Total pot $6 | Rake $0 
Seat 1: kel3vr4_23 folded before Flop (didn't bet)
Seat 2: fobot21 (button) folded before Flop (didn't bet)
Seat 3: D_Robbbbbbbb (small blind) folded before Flop
Seat 4: EasyGamerrr (big blind) folded before Flop
Seat 5: janarr5 folded before Flop
Seat 6: alexpipa27 collected ($6)



PokerStars Hand #254480884347:  Hold'em No Limit ($0.50/$1.00 USD) - 2025/01/21 6:48:37 WET [2025/01/21 1:48:37 ET]
Table 'Sicilia III' 6-max Seat #3 is the button
Seat 1: kel3vr4_23 ($32.31 in chips) 
Seat 2: fobot21 ($100 in chips) 
Seat 3: D_Robbbbbbbb ($70.73 in chips) 
Seat 4: EasyGamerrr ($119.13 in chips) 
Seat 5: janarr5 ($139.16 in chips) 
Seat 6: alexpipa27 ($21.35 in chips) 
EasyGamerrr: posts small blind $0.50
janarr5: posts big blind $1
*** HOLE CARDS ***
alexpipa27: folds 
kel3vr4_23: folds 
fobot21: folds 
D_Robbbbbbbb: folds 
EasyGamerrr: raises $2 to $3
janarr5: calls $2
*** FLOP *** [Jh 4d 7h]
EasyGamerrr: checks 
janarr5: bets $1.88
EasyGamerrr: calls $1.88
*** TURN *** [Jh 4d 7h] [Ts]
EasyGamerrr: checks 
janarr5: checks 
*** RIVER *** [Jh 4d 7h Ts] [7d]
EasyGamerrr: checks 
janarr5: checks 
*** SHOW DOWN ***
EasyGamerrr: shows [4s 5s] (two pair, Sevens and Fours)
janarr5: mucks hand 
EasyGamerrr collected $9.27 from pot
*** SUMMARY ***
Total pot $9.76 | Rake $0.49 
Board [Jh 4d 7h Ts 7d]
Seat 1: kel3vr4_23 folded before Flop (didn't bet)
Seat 2: fobot21 folded before Flop (didn't bet)
Seat 3: D_Robbbbbbbb (button) folded before Flop (didn't bet)
Seat 4: EasyGamerrr (small blind) showed [4s 5s] and won ($9.27) with two pair, Sevens and Fours
Seat 5: janarr5 (big blind) mucked
Seat 6: alexpipa27 folded before Flop (didn't bet)



PokerStars Hand #254480888418:  Hold'em No Limit ($0.50/$1.00 USD) - 2025/01/21 6:49:37 WET [2025/01/21 1:49:37 ET]
Table 'Sicilia III' 6-max Seat #4 is the button
Seat 1: kel3vr4_23 ($32.31 in chips) 
Seat 2: fobot21 ($100 in chips) 
Seat 3: D_Robbbbbbbb ($70.73 in chips) 
Seat 4: EasyGamerrr ($123.52 in chips) 
Seat 5: janarr5 ($134.28 in chips) 
Seat 6: alexpipa27 ($21.35 in chips) 
janarr5: posts small blind $0.50
alexpipa27: posts big blind $1
*** HOLE CARDS ***
kel3vr4_23: folds 
fobot21: folds 
D_Robbbbbbbb: raises $1 to $2
EasyGamerrr: raises $4.50 to $6.50
janarr5: folds 
alexpipa27: folds 
D_Robbbbbbbb: calls $4.50
*** FLOP *** [Td 6c 2h]
D_Robbbbbbbb: checks 
EasyGamerrr: bets $4.55
D_Robbbbbbbb: calls $4.55
*** TURN *** [Td 6c 2h] [6d]
D_Robbbbbbbb: checks 
EasyGamerrr: bets $15.02
D_Robbbbbbbb: raises $44.66 to $59.68 and is all-in
EasyGamerrr: folds 
Uncalled bet ($44.66) returned to D_Robbbbbbbb
D_Robbbbbbbb collected $51.14 from pot
D_Robbbbbbbb: doesn't show hand 
*** SUMMARY ***
Total pot $53.64 | Rake $2.50 
Board [Td 6c 2h 6d]
Seat 1: kel3vr4_23 folded before Flop (didn't bet)
Seat 2: fobot21 folded before Flop (didn't bet)
Seat 3: D_Robbbbbbbb collected ($51.14)
Seat 4: EasyGamerrr (button) folded on the Turn
Seat 5: janarr5 (small blind) folded before Flop
Seat 6: alexpipa27 (big blind) folded before Flop



PokerStars Hand #254480892336:  Hold'em No Limit ($0.50/$1.00 USD) - 2025/01/21 6:50:33 WET [2025/01/21 1:50:33 ET]
Table 'Sicilia III' 6-max Seat #5 is the button
Seat 1: kel3vr4_23 ($32.31 in chips) 
Seat 2: fobot21 ($100 in chips) 
Seat 3: D_Robbbbbbbb ($95.80 in chips) 
Seat 4: EasyGamerrr ($100 in chips) 
Seat 5: janarr5 ($133.78 in chips) 
Seat 6: alexpipa27 ($20.35 in chips) 
alexpipa27: posts small blind $0.50
kel3vr4_23: posts big blind $1
*** HOLE CARDS ***
fobot21: folds 
D_Robbbbbbbb: folds 
EasyGamerrr: raises $1.50 to $2.50
janarr5: folds 
alexpipa27: folds 
kel3vr4_23: folds 
Uncalled bet ($1.50) returned to EasyGamerrr
EasyGamerrr collected $2.50 from pot
EasyGamerrr: doesn't show hand 
*** SUMMARY ***
Total pot $2.50 | Rake $0 
Seat 1: kel3vr4_23 (big blind) folded before Flop
Seat 2: fobot21 folded before Flop (didn't bet)
Seat 3: D_Robbbbbbbb folded before Flop (didn't bet)
Seat 4: EasyGamerrr collected ($2.50)
Seat 5: janarr5 (button) folded before Flop (didn't bet)
Seat 6: alexpipa27 (small blind) folded before Flop



PokerStars Hand #254480893823:  Hold'em No Limit ($0.50/$1.00 USD) - 2025/01/21 6:50:55 WET [2025/01/21 1:50:55 ET]
Table 'Sicilia III' 6-max Seat #6 is the button
Seat 1: kel3vr4_23 ($31.31 in chips) 
Seat 2: fobot21 ($100 in chips) 
Seat 3: D_Robbbbbbbb ($95.80 in chips) 
Seat 4: EasyGamerrr ($101.50 in chips) 
Seat 5: janarr5 ($133.78 in chips) 
Seat 6: alexpipa27 ($19.85 in chips) 
kel3vr4_23: posts small blind $0.50
fobot21: posts big blind $1
*** HOLE CARDS ***
D_Robbbbbbbb: folds 
EasyGamerrr: folds 
janarr5: folds 
alexpipa27: folds 
kel3vr4_23: folds 
Uncalled bet ($0.50) returned to fobot21
fobot21 collected $1 from pot
fobot21: doesn't show hand 
*** SUMMARY ***
Total pot $1 | Rake $0 
Seat 1: kel3vr4_23 (small blind) folded before Flop
Seat 2: fobot21 (big blind) collected ($1)
Seat 3: D_Robbbbbbbb folded before Flop (didn't bet)
Seat 4: EasyGamerrr folded before Flop (didn't bet)
Seat 5: janarr5 folded before Flop (didn't bet)
Seat 6: alexpipa27 (button) folded before Flop (didn't bet)



PokerStars Hand #254480894607:  Hold'em No Limit ($0.50/$1.00 USD) - 2025/01/21 6:51:06 WET [2025/01/21 1:51:06 ET]
Table 'Sicilia III' 6-max Seat #1 is the button
Seat 1: kel3vr4_23 ($30.81 in chips) 
Seat 2: fobot21 ($100.50 in chips) 
Seat 3: D_Robbbbbbbb ($95.80 in chips) 
Seat 4: EasyGamerrr ($101.50 in chips) 
Seat 5: janarr5 ($133.78 in chips) 
Seat 6: alexpipa27 ($19.85 in chips) 
fobot21: posts small blind $0.50
D_Robbbbbbbb: posts big blind $1
*** HOLE CARDS ***
EasyGamerrr: folds 
janarr5: raises $1.25 to $2.25
alexpipa27: raises $17.60 to $19.85 and is all-in
kel3vr4_23: folds 
fobot21: folds 
D_Robbbbbbbb: folds 
janarr5: folds 
Uncalled bet ($17.60) returned to alexpipa27
alexpipa27 collected $6 from pot
alexpipa27: shows [Ah]
*** SUMMARY ***
Total pot $6 | Rake $0 
Seat 1: kel3vr4_23 (button) folded before Flop (didn't bet)
Seat 2: fobot21 (small blind) folded before Flop
Seat 3: D_Robbbbbbbb (big blind) folded before Flop
Seat 4: EasyGamerrr folded before Flop (didn't bet)
Seat 5: janarr5 folded before Flop
Seat 6: alexpipa27 collected ($6)



PokerStars Hand #254480896139:  Hold'em No Limit ($0.50/$1.00 USD) - 2025/01/21 6:51:28 WET [2025/01/21 1:51:28 ET]
Table 'Sicilia III' 6-max Seat #2 is the button
Seat 1: kel3vr4_23 ($30.81 in chips) 
Seat 2: fobot21 ($100 in chips) 
Seat 3: D_Robbbbbbbb ($94.80 in chips) 
Seat 4: EasyGamerrr ($101.50 in chips) 
Seat 5: janarr5 ($131.53 in chips) 
Seat 6: alexpipa27 ($23.60 in chips) 
D_Robbbbbbbb: posts small blind $0.50
EasyGamerrr: posts big blind $1
*** HOLE CARDS ***
janarr5: folds 
alexpipa27: folds 
kel3vr4_23: folds 
fobot21: raises $1.50 to $2.50
D_Robbbbbbbb: raises $9 to $11.50
EasyGamerrr: folds 
fobot21: calls $9
*** FLOP *** [4c 3c As]
D_Robbbbbbbb: bets $9.40
fobot21: folds 
Uncalled bet ($9.40) returned to D_Robbbbbbbb
D_Robbbbbbbb collected $22.80 from pot
D_Robbbbbbbb: doesn't show hand 
*** SUMMARY ***
Total pot $24 | Rake $1.20 
Board [4c 3c As]
Seat 1: kel3vr4_23 folded before Flop (didn't bet)
Seat 2: fobot21 (button) folded on the Flop
Seat 3: D_Robbbbbbbb (small blind) collected ($22.80)
Seat 4: EasyGamerrr (big blind) folded before Flop
Seat 5: janarr5 folded before Flop (didn't bet)
Seat 6: alexpipa27 folded before Flop (didn't bet)



PokerStars Hand #254480899002:  Hold'em No Limit ($0.50/$1.00 USD) - 2025/01/21 6:52:10 WET [2025/01/21 1:52:10 ET]
Table 'Sicilia III' 6-max Seat #3 is the button
Seat 1: kel3vr4_23 ($30.81 in chips) 
Seat 2: fobot21 ($100 in chips) 
Seat 3: D_Robbbbbbbb ($106.10 in chips) 
Seat 4: EasyGamerrr ($100.50 in chips) 
Seat 5: janarr5 ($131.53 in chips) 
Seat 6: alexpipa27 ($23.60 in chips) 
EasyGamerrr: posts small blind $0.50
janarr5: posts big blind $1
*** HOLE CARDS ***
alexpipa27: folds 
kel3vr4_23: raises $1 to $2
fobot21: folds 
D_Robbbbbbbb: folds 
EasyGamerrr: folds 
janarr5: folds 
Uncalled bet ($1) returned to kel3vr4_23
kel3vr4_23 collected $2.50 from pot
*** SUMMARY ***
Total pot $2.50 | Rake $0 
Seat 1: kel3vr4_23 collected ($2.50)
Seat 2: fobot21 folded before Flop (didn't bet)
Seat 3: D_Robbbbbbbb (button) folded before Flop (didn't bet)
Seat 4: EasyGamerrr (small blind) folded before Flop
Seat 5: janarr5 (big blind) folded before Flop
Seat 6: alexpipa27 folded before Flop (didn't bet)



PokerStars Hand #254480900523:  Hold'em No Limit ($0.50/$1.00 USD) - 2025/01/21 6:52:33 WET [2025/01/21 1:52:33 ET]
Table 'Sicilia III' 6-max Seat #4 is the button
Seat 3: D_Robbbbbbbb ($106.10 in chips) is sitting out
Seat 1: kel3vr4_23 ($32.31 in chips) 
Seat 2: fobot21 ($100 in chips) 
Seat 4: EasyGamerrr ($100 in chips) 
Seat 5: janarr5 ($130.53 in chips) 
Seat 6: alexpipa27 ($23.60 in chips) 
janarr5: posts small blind $0.50
alexpipa27: posts big blind $1
*** HOLE CARDS ***
kel3vr4_23: folds 
fobot21: folds 
EasyGamerrr: raises $1.50 to $2.50
janarr5: folds 
alexpipa27: calls $1.50
*** FLOP *** [Qs Ah Qh]
alexpipa27: checks 
EasyGamerrr: bets $1.72
alexpipa27: raises $1.72 to $3.44
EasyGamerrr: calls $1.72
*** TURN *** [Qs Ah Qh] [Qd]
alexpipa27: bets $1.66
EasyGamerrr: folds 
Uncalled bet ($1.66) returned to alexpipa27
alexpipa27 collected $11.76 from pot
*** SUMMARY ***
Total pot $12.38 | Rake $0.62 
Board [Qs Ah Qh Qd]
Seat 3: D_Robbbbbbbb
Seat 1: kel3vr4_23 folded before Flop (didn't bet)
Seat 2: fobot21 folded before Flop (didn't bet)
Seat 4: EasyGamerrr (button) folded on the Turn
Seat 5: janarr5 (small blind) folded before Flop
Seat 6: alexpipa27 (big blind) collected ($11.76)



PokerStars Hand #254480905204:  Hold'em No Limit ($0.50/$1.00 USD) - 2025/01/21 6:53:41 WET [2025/01/21 1:53:41 ET]
Table 'Sicilia III' 6-max Seat #5 is the button
Seat 3: D_Robbbbbbbb ($106.10 in chips) is sitting out
Seat 1: kel3vr4_23 ($32.31 in chips) 
Seat 2: fobot21 ($100 in chips) 
Seat 4: EasyGamerrr ($100 in chips) 
Seat 5: janarr5 ($130.03 in chips) 
Seat 6: alexpipa27 ($29.42 in chips) 
alexpipa27: posts small blind $0.50
kel3vr4_23: posts big blind $1
*** HOLE CARDS ***
fobot21: folds 
EasyGamerrr: folds 
janarr5: folds 
alexpipa27: calls $0.50
kel3vr4_23: checks 
*** FLOP *** [Kd Ks 3s]
alexpipa27: checks 
kel3vr4_23: checks 
*** TURN *** [Kd Ks 3s] [2s]
alexpipa27: checks 
kel3vr4_23: bets $1
alexpipa27: folds 
Uncalled bet ($1) returned to kel3vr4_23
kel3vr4_23 collected $1.90 from pot
*** SUMMARY ***
Total pot $2 | Rake $0.10 
Board [Kd Ks 3s 2s]
Seat 3: D_Robbbbbbbb
Seat 1: kel3vr4_23 (big blind) collected ($1.90)
Seat 2: fobot21 folded before Flop (didn't bet)
Seat 4: EasyGamerrr folded before Flop (didn't bet)
Seat 5: janarr5 (button) folded before Flop (didn't bet)
Seat 6: alexpipa27 (small blind) folded on the Turn



PokerStars Hand #254480906963:  Hold'em No Limit ($0.50/$1.00 USD) - 2025/01/21 6:54:08 WET [2025/01/21 1:54:08 ET]
Table 'Sicilia III' 6-max Seat #6 is the button
Seat 3: D_Robbbbbbbb ($106.10 in chips) is sitting out
Seat 1: kel3vr4_23 ($33.21 in chips) 
Seat 2: fobot21 ($100 in chips) 
Seat 4: EasyGamerrr ($100 in chips) 
Seat 5: janarr5 ($130.03 in chips) 
Seat 6: alexpipa27 ($28.42 in chips) 
kel3vr4_23: posts small blind $0.50
fobot21: posts big blind $1
*** HOLE CARDS ***
EasyGamerrr: folds 
janarr5: folds 
alexpipa27: folds 
kel3vr4_23: folds 
Uncalled bet ($0.50) returned to fobot21
fobot21 collected $1 from pot
fobot21: doesn't show hand 
*** SUMMARY ***
Total pot $1 | Rake $0 
Seat 3: D_Robbbbbbbb
Seat 1: kel3vr4_23 (small blind) folded before Flop
Seat 2: fobot21 (big blind) collected ($1)
Seat 4: EasyGamerrr folded before Flop (didn't bet)
Seat 5: janarr5 folded before Flop (didn't bet)
Seat 6: alexpipa27 (button) folded before Flop (didn't bet)



PokerStars Hand #254480907955:  Hold'em No Limit ($0.50/$1.00 USD) - 2025/01/21 6:54:22 WET [2025/01/21 1:54:22 ET]
Table 'Sicilia III' 6-max Seat #1 is the button
Seat 3: D_Robbbbbbbb ($106.10 in chips) is sitting out
Seat 1: kel3vr4_23 ($32.71 in chips) 
Seat 2: fobot21 ($100.50 in chips) 
Seat 4: EasyGamerrr ($100 in chips) 
Seat 5: janarr5 ($130.03 in chips) 
Seat 6: alexpipa27 ($28.42 in chips) 
fobot21: posts small blind $0.50
EasyGamerrr: posts big blind $1
*** HOLE CARDS ***
janarr5: folds 
alexpipa27: folds 
kel3vr4_23: raises $1 to $2
fobot21: folds 
EasyGamerrr: calls $1
*** FLOP *** [5c 9c Kc]
EasyGamerrr: checks 
kel3vr4_23: bets $2
EasyGamerrr: folds 
Uncalled bet ($2) returned to kel3vr4_23
kel3vr4_23 collected $4.28 from pot
*** SUMMARY ***
Total pot $4.50 | Rake $0.22 
Board [5c 9c Kc]
Seat 3: D_Robbbbbbbb
Seat 1: kel3vr4_23 (button) collected ($4.28)
Seat 2: fobot21 (small blind) folded before Flop
Seat 4: EasyGamerrr (big blind) folded on the Flop
Seat 5: janarr5 folded before Flop (didn't bet)
Seat 6: alexpipa27 folded before Flop (didn't bet)



PokerStars Hand #254480909430:  Hold'em No Limit ($0.50/$1.00 USD) - 2025/01/21 6:54:44 WET [2025/01/21 1:54:44 ET]
Table 'Sicilia III' 6-max Seat #2 is the button
Seat 3: D_Robbbbbbbb ($106.10 in chips) is sitting out
Seat 1: kel3vr4_23 ($34.99 in chips) 
Seat 2: fobot21 ($100 in chips) 
Seat 4: EasyGamerrr ($100 in chips) 
Seat 5: janarr5 ($130.03 in chips) 
Seat 6: alexpipa27 ($28.42 in chips) 
EasyGamerrr: posts small blind $0.50
janarr5: posts big blind $1
*** HOLE CARDS ***
alexpipa27: calls $1
kel3vr4_23: folds 
fobot21: raises $2.50 to $3.50
EasyGamerrr: folds 
janarr5: folds 
alexpipa27: folds 
Uncalled bet ($2.50) returned to fobot21
fobot21 collected $3.50 from pot
fobot21: doesn't show hand 
*** SUMMARY ***
Total pot $3.50 | Rake $0 
Seat 3: D_Robbbbbbbb
Seat 1: kel3vr4_23 folded before Flop (didn't bet)
Seat 2: fobot21 (button) collected ($3.50)
Seat 4: EasyGamerrr (small blind) folded before Flop
Seat 5: janarr5 (big blind) folded before Flop
Seat 6: alexpipa27 folded before Flop



PokerStars Hand #254480911127:  Hold'em No Limit ($0.50/$1.00 USD) - 2025/01/21 6:55:12 WET [2025/01/21 1:55:12 ET]
Table 'Sicilia III' 6-max Seat #4 is the button
Seat 3: D_Robbbbbbbb ($106.10 in chips) is sitting out
Seat 1: kel3vr4_23 ($34.99 in chips) 
Seat 2: fobot21 ($102.50 in chips) 
Seat 4: EasyGamerrr ($100 in chips) 
Seat 5: janarr5 ($129.03 in chips) 
Seat 6: alexpipa27 ($27.42 in chips) 
janarr5: posts small blind $0.50
alexpipa27: posts big blind $1
D_Robbbbbbbb: sits out 
*** HOLE CARDS ***
kel3vr4_23: folds 
fobot21: folds 
EasyGamerrr: folds 
janarr5: folds 
Uncalled bet ($0.50) returned to alexpipa27
alexpipa27 collected $1 from pot
*** SUMMARY ***
Total pot $1 | Rake $0 
Seat 3: D_Robbbbbbbb
Seat 1: kel3vr4_23 folded before Flop (didn't bet)
Seat 2: fobot21 folded before Flop (didn't bet)
Seat 4: EasyGamerrr (button) folded before Flop (didn't bet)
Seat 5: janarr5 (small blind) folded before Flop
Seat 6: alexpipa27 (big blind) collected ($1)



PokerStars Hand #254480912019:  Hold'em No Limit ($0.50/$1.00 USD) - 2025/01/21 6:55:28 WET [2025/01/21 1:55:28 ET]
Table 'Sicilia III' 6-max Seat #5 is the button
Seat 3: D_Robbbbbbbb ($106.10 in chips) is sitting out
Seat 1: kel3vr4_23 ($34.99 in chips) 
Seat 2: fobot21 ($102.50 in chips) 
Seat 4: EasyGamerrr ($100 in chips) 
Seat 5: janarr5 ($128.53 in chips) 
Seat 6: alexpipa27 ($27.92 in chips) 
alexpipa27: posts small blind $0.50
kel3vr4_23: posts big blind $1
D_Robbbbbbbb: sits out 
*** HOLE CARDS ***
fobot21: folds 
fobot21 leaves the table
EasyGamerrr: raises $1.50 to $2.50
janarr5: folds 
alexpipa27: folds 
kel3vr4_23: folds 
Uncalled bet ($1.50) returned to EasyGamerrr
EasyGamerrr collected $2.50 from pot
EasyGamerrr: doesn't show hand 
Burlica2013 joins the table at seat #2 
*** SUMMARY ***
Total pot $2.50 | Rake $0 
Seat 3: D_Robbbbbbbb
Seat 1: kel3vr4_23 (big blind) folded before Flop
Seat 2: fobot21 folded before Flop (didn't bet)
Seat 4: EasyGamerrr collected ($2.50)
Seat 5: janarr5 (button) folded before Flop (didn't bet)
Seat 6: alexpipa27 (small blind) folded before Flop



PokerStars Hand #254480912788:  Hold'em No Limit ($0.50/$1.00 USD) - 2025/01/21 6:55:41 WET [2025/01/21 1:55:41 ET]
Table 'Sicilia III' 6-max Seat #6 is the button
Seat 3: D_Robbbbbbbb ($106.10 in chips) is sitting out
Seat 1: kel3vr4_23 ($33.99 in chips) 
Seat 2: Burlica2013 ($100 in chips) 
Seat 4: EasyGamerrr ($101.50 in chips) 
Seat 5: janarr5 ($128.53 in chips) 
Seat 6: alexpipa27 ($27.42 in chips) 
kel3vr4_23: posts small blind $0.50
Burlica2013: posts big blind $1
D_Robbbbbbbb: sits out 
*** HOLE CARDS ***
EasyGamerrr: folds 
janarr5: folds 
alexpipa27: raises $1 to $2
kel3vr4_23: folds 
Burlica2013: folds 
Uncalled bet ($1) returned to alexpipa27
alexpipa27 collected $2.50 from pot
*** SUMMARY ***
Total pot $2.50 | Rake $0 
Seat 3: D_Robbbbbbbb
Seat 1: kel3vr4_23 (small blind) folded before Flop
Seat 2: Burlica2013 (big blind) folded before Flop
Seat 4: EasyGamerrr folded before Flop (didn't bet)
Seat 5: janarr5 folded before Flop (didn't bet)
Seat 6: alexpipa27 (button) collected ($2.50)



PokerStars Hand #254480913509:  Hold'em No Limit ($0.50/$1.00 USD) - 2025/01/21 6:55:53 WET [2025/01/21 1:55:53 ET]
Table 'Sicilia III' 6-max Seat #1 is the button
Seat 1: kel3vr4_23 ($33.49 in chips) 
Seat 2: Burlica2013 ($100 in chips) 
Seat 3: D_Robbbbbbbb ($106.10 in chips) 
Seat 4: EasyGamerrr ($101.50 in chips) 
Seat 5: janarr5 ($128.53 in chips) 
Seat 6: alexpipa27 ($28.92 in chips) 
Burlica2013: posts small blind $0.50
D_Robbbbbbbb: posts big blind $1
*** HOLE CARDS ***
EasyGamerrr: folds 
janarr5: folds 
alexpipa27: raises $3 to $4
kel3vr4_23: folds 
Burlica2013: folds 
D_Robbbbbbbb: folds 
Uncalled bet ($3) returned to alexpipa27
alexpipa27 collected $2.50 from pot
*** SUMMARY ***
Total pot $2.50 | Rake $0 
Seat 1: kel3vr4_23 (button) folded before Flop (didn't bet)
Seat 2: Burlica2013 (small blind) folded before Flop
Seat 3: D_Robbbbbbbb (big blind) folded before Flop
Seat 4: EasyGamerrr folded before Flop (didn't bet)
Seat 5: janarr5 folded before Flop (didn't bet)
Seat 6: alexpipa27 collected ($2.50)



PokerStars Hand #254480914857:  Hold'em No Limit ($0.50/$1.00 USD) - 2025/01/21 6:56:15 WET [2025/01/21 1:56:15 ET]
Table 'Sicilia III' 6-max Seat #2 is the button
Seat 1: kel3vr4_23 ($33.49 in chips) 
Seat 2: Burlica2013 ($100 in chips) 
Seat 3: D_Robbbbbbbb ($105.10 in chips) 
Seat 4: EasyGamerrr ($101.50 in chips) 
Seat 5: janarr5 ($128.53 in chips) 
Seat 6: alexpipa27 ($30.42 in chips) 
D_Robbbbbbbb: posts small blind $0.50
EasyGamerrr: posts big blind $1
*** HOLE CARDS ***
janarr5: raises $1.25 to $2.25
alexpipa27: folds 
kel3vr4_23: folds 
Burlica2013: folds 
D_Robbbbbbbb: calls $1.75
EasyGamerrr: folds 
*** FLOP *** [Qc 3h Ac]
D_Robbbbbbbb: checks 
janarr5: checks 
*** TURN *** [Qc 3h Ac] [Td]
D_Robbbbbbbb: checks 
janarr5: bets $3.45
D_Robbbbbbbb: calls $3.45
*** RIVER *** [Qc 3h Ac Td] [9h]
D_Robbbbbbbb: bets $7.77
janarr5: calls $7.77
*** SHOW DOWN ***
D_Robbbbbbbb: shows [6c 5c] (high card Ace)
janarr5: shows [As 9s] (two pair, Aces and Nines)
janarr5 collected $26.54 from pot
*** SUMMARY ***
Total pot $27.94 | Rake $1.40 
Board [Qc 3h Ac Td 9h]
Seat 1: kel3vr4_23 folded before Flop (didn't bet)
Seat 2: Burlica2013 (button) folded before Flop (didn't bet)
Seat 3: D_Robbbbbbbb (small blind) showed [6c 5c] and lost with high card Ace
Seat 4: EasyGamerrr (big blind) folded before Flop
Seat 5: janarr5 showed [As 9s] and won ($26.54) with two pair, Aces and Nines
Seat 6: alexpipa27 folded before Flop (didn't bet)



PokerStars Hand #254480917387:  Hold'em No Limit ($0.50/$1.00 USD) - 2025/01/21 6:56:59 WET [2025/01/21 1:56:59 ET]
Table 'Sicilia III' 6-max Seat #3 is the button
Seat 1: kel3vr4_23 ($33.49 in chips) 
Seat 2: Burlica2013 ($100 in chips) 
Seat 3: D_Robbbbbbbb ($91.63 in chips) 
Seat 4: EasyGamerrr ($100.50 in chips) 
Seat 5: janarr5 ($141.60 in chips) 
Seat 6: alexpipa27 ($30.42 in chips) 
EasyGamerrr: posts small blind $0.50
janarr5: posts big blind $1
*** HOLE CARDS ***
alexpipa27: raises $2 to $3
kel3vr4_23: folds 
Burlica2013: folds 
D_Robbbbbbbb: folds 
D_Robbbbbbbb leaves the table
EasyGamerrr: folds 
janarr5: folds 
Uncalled bet ($2) returned to alexpipa27
alexpipa27 collected $2.50 from pot
*** SUMMARY ***
Total pot $2.50 | Rake $0 
Seat 1: kel3vr4_23 folded before Flop (didn't bet)
Seat 2: Burlica2013 folded before Flop (didn't bet)
Seat 3: D_Robbbbbbbb (button) folded before Flop (didn't bet)
Seat 4: EasyGamerrr (small blind) folded before Flop
Seat 5: janarr5 (big blind) folded before Flop
Seat 6: alexpipa27 collected ($2.50)



PokerStars Hand #254480918267:  Hold'em No Limit ($0.50/$1.00 USD) - 2025/01/21 6:57:14 WET [2025/01/21 1:57:14 ET]
Table 'Sicilia III' 6-max Seat #4 is the button
Seat 1: kel3vr4_23 ($33.49 in chips) 
Seat 2: Burlica2013 ($100 in chips) 
Seat 4: EasyGamerrr ($100 in chips) 
Seat 5: janarr5 ($140.60 in chips) 
Seat 6: alexpipa27 ($31.92 in chips) 
janarr5: posts small blind $0.50
alexpipa27: posts big blind $1
*** HOLE CARDS ***
kel3vr4_23: folds 
robercarlos3 joins the table at seat #3 
Burlica2013: raises $1.25 to $2.25
EasyGamerrr: folds 
janarr5: folds 
alexpipa27: folds 
Uncalled bet ($1.25) returned to Burlica2013
Burlica2013 collected $2.50 from pot
Burlica2013: doesn't show hand 
*** SUMMARY ***
Total pot $2.50 | Rake $0 
Seat 1: kel3vr4_23 folded before Flop (didn't bet)
Seat 2: Burlica2013 collected ($2.50)
Seat 4: EasyGamerrr (button) folded before Flop (didn't bet)
Seat 5: janarr5 (small blind) folded before Flop
Seat 6: alexpipa27 (big blind) folded before Flop



PokerStars Hand #254480919274:  Hold'em No Limit ($0.50/$1.00 USD) - 2025/01/21 6:57:32 WET [2025/01/21 1:57:32 ET]
Table 'Sicilia III' 6-max Seat #5 is the button
Seat 1: kel3vr4_23 ($33.49 in chips) is sitting out
Seat 3: robercarlos3 ($100 in chips) is sitting out
Seat 2: Burlica2013 ($101.50 in chips) 
Seat 4: EasyGamerrr ($100 in chips) 
Seat 5: janarr5 ($140.10 in chips) 
Seat 6: alexpipa27 ($30.92 in chips) 
alexpipa27: posts small blind $0.50
kel3vr4_23 has timed out
kel3vr4_23: is sitting out 
Burlica2013: posts big blind $1
robercarlos3: sits out 
*** HOLE CARDS ***
EasyGamerrr: folds 
janarr5: raises $1.50 to $2.50
alexpipa27: folds 
Burlica2013: folds 
Uncalled bet ($1.50) returned to janarr5
janarr5 collected $2.50 from pot
janarr5: doesn't show hand 
*** SUMMARY ***
Total pot $2.50 | Rake $0 
Seat 1: kel3vr4_23
Seat 3: robercarlos3
Seat 2: Burlica2013 (big blind) folded before Flop
Seat 4: EasyGamerrr folded before Flop (didn't bet)
Seat 5: janarr5 (button) collected ($2.50)
Seat 6: alexpipa27 (small blind) folded before Flop



PokerStars Hand #254480920676:  Hold'em No Limit ($0.50/$1.00 USD) - 2025/01/21 6:57:56 WET [2025/01/21 1:57:56 ET]
Table 'Sicilia III' 6-max Seat #6 is the button
Seat 1: kel3vr4_23 ($33.49 in chips) is sitting out
Seat 2: Burlica2013 ($100.50 in chips) 
Seat 3: robercarlos3 ($100 in chips) 
Seat 4: EasyGamerrr ($100 in chips) 
Seat 5: janarr5 ($141.60 in chips) 
Seat 6: alexpipa27 ($30.42 in chips) 
Burlica2013: posts small blind $0.50
robercarlos3: posts big blind $1
*** HOLE CARDS ***
kel3vr4_23 is disconnected 
EasyGamerrr: folds 
janarr5: raises $1.25 to $2.25
alexpipa27: folds 
Burlica2013: raises $9.75 to $12
robercarlos3: folds 
janarr5: folds 
Uncalled bet ($9.75) returned to Burlica2013
Burlica2013 collected $5.50 from pot
Burlica2013: doesn't show hand 
*** SUMMARY ***
Total pot $5.50 | Rake $0 
Seat 1: kel3vr4_23
Seat 2: Burlica2013 (small blind) collected ($5.50)
Seat 3: robercarlos3 (big blind) folded before Flop
Seat 4: EasyGamerrr folded before Flop (didn't bet)
Seat 5: janarr5 folded before Flop
Seat 6: alexpipa27 (button) folded before Flop (didn't bet)



PokerStars Hand #254480921808:  Hold'em No Limit ($0.50/$1.00 USD) - 2025/01/21 6:58:15 WET [2025/01/21 1:58:15 ET]
Table 'Sicilia III' 6-max Seat #2 is the button
Seat 1: kel3vr4_23 ($33.49 in chips) is sitting out
Seat 4: EasyGamerrr ($100 in chips) is sitting out
Seat 2: Burlica2013 ($103.75 in chips) 
Seat 3: robercarlos3 ($100 in chips) 
Seat 5: janarr5 ($139.35 in chips) 
Seat 6: alexpipa27 ($30.42 in chips) 
robercarlos3: posts small blind $0.50
EasyGamerrr: is sitting out 
janarr5: posts big blind $1
*** HOLE CARDS ***
EasyGamerrr leaves the table
alexpipa27: folds 
Burlica2013: folds 
robercarlos3: folds 
Uncalled bet ($0.50) returned to janarr5
janarr5 collected $1 from pot
janarr5: doesn't show hand 
alexpipa27 leaves the table
*** SUMMARY ***
Total pot $1 | Rake $0 
Seat 1: kel3vr4_23
Seat 4: EasyGamerrr
Seat 2: Burlica2013 (button) folded before Flop (didn't bet)
Seat 3: robercarlos3 (small blind) folded before Flop
Seat 5: janarr5 (big blind) collected ($1)
Seat 6: alexpipa27 folded before Flop (didn't bet)



PokerStars Hand #254480922810:  Hold'em No Limit ($0.50/$1.00 USD) - 2025/01/21 6:58:32 WET [2025/01/21 1:58:32 ET]
Table 'Sicilia III' 6-max Seat #3 is the button
Seat 1: kel3vr4_23 ($33.49 in chips) 
Seat 2: Burlica2013 ($103.75 in chips) 
Seat 3: robercarlos3 ($100 in chips) 
Seat 5: janarr5 ($139.85 in chips) 
janarr5: posts small blind $0.50
kel3vr4_23: posts big blind $1
*** HOLE CARDS ***
Burlica2013: folds 
Burlica2013 leaves the table
robercarlos3: folds 
janarr5: raises $2 to $3
blistein joins the table at seat #2 
kel3vr4_23: folds 
Uncalled bet ($2) returned to janarr5
janarr5 collected $2 from pot
janarr5: doesn't show hand 
*** SUMMARY ***
Total pot $2 | Rake $0 
Seat 1: kel3vr4_23 (big blind) folded before Flop
Seat 2: Burlica2013 folded before Flop (didn't bet)
Seat 3: robercarlos3 (button) folded before Flop (didn't bet)
Seat 5: janarr5 (small blind) collected ($2)



PokerStars Hand #254480932277:  Hold'em No Limit ($0.50/$1.00 USD) - 2025/01/21 7:01:08 WET [2025/01/21 2:01:08 ET]
Table 'Sicilia III' 6-max Seat #5 is the button
Seat 4: peak joker33 ($100 in chips) is sitting out
Seat 6: jeffy27dt1 ($100 in chips) is sitting out
Seat 1: kel3vr4_23 ($39.71 in chips) 
Seat 2: blistein ($104.65 in chips) 
Seat 3: robercarlos3 ($100 in chips) 
Seat 5: janarr5 ($136.85 in chips) 
kel3vr4_23: posts small blind $0.50
blistein: posts big blind $1
peak joker33: sits out 
*** HOLE CARDS ***
robercarlos3: raises $1.30 to $2.30
janarr5: folds 
kel3vr4_23: folds 
blistein: folds 
Uncalled bet ($1.30) returned to robercarlos3
robercarlos3 collected $2.50 from pot
robercarlos3: doesn't show hand 
*** SUMMARY ***
Total pot $2.50 | Rake $0 
Seat 4: peak joker33
Seat 6: jeffy27dt1
Seat 1: kel3vr4_23 (small blind) folded before Flop
Seat 2: blistein (big blind) folded before Flop
Seat 3: robercarlos3 collected ($2.50)
Seat 5: janarr5 (button) folded before Flop (didn't bet)



PokerStars Hand #254480933049:  Hold'em No Limit ($0.50/$1.00 USD) - 2025/01/21 7:01:20 WET [2025/01/21 2:01:20 ET]
Table 'Sicilia III' 6-max Seat #1 is the button
Seat 4: peak joker33 ($100 in chips) is sitting out
Seat 6: jeffy27dt1 ($100 in chips) is sitting out
Seat 1: kel3vr4_23 ($39.21 in chips) 
Seat 2: blistein ($103.65 in chips) 
Seat 3: robercarlos3 ($101.50 in chips) 
Seat 5: janarr5 ($136.85 in chips) 
blistein: posts small blind $0.50
robercarlos3: posts big blind $1
peak joker33: sits out 
jeffy27dt1: sits out 
*** HOLE CARDS ***
janarr5: raises $1.25 to $2.25
kel3vr4_23: folds 
blistein: folds 
robercarlos3: folds 
Uncalled bet ($1.25) returned to janarr5
janarr5 collected $2.50 from pot
janarr5: doesn't show hand 
*** SUMMARY ***
Total pot $2.50 | Rake $0 
Seat 4: peak joker33
Seat 6: jeffy27dt1
Seat 1: kel3vr4_23 (button) folded before Flop (didn't bet)
Seat 2: blistein (small blind) folded before Flop
Seat 3: robercarlos3 (big blind) folded before Flop
Seat 5: janarr5 collected ($2.50)



PokerStars Hand #254480933742:  Hold'em No Limit ($0.50/$1.00 USD) - 2025/01/21 7:01:30 WET [2025/01/21 2:01:30 ET]
Table 'Sicilia III' 6-max Seat #2 is the button
Seat 6: jeffy27dt1 ($100 in chips) is sitting out
Seat 1: kel3vr4_23 ($39.21 in chips) 
Seat 2: blistein ($103.15 in chips) 
Seat 3: robercarlos3 ($100.50 in chips) 
Seat 4: peak joker33 ($100 in chips) 
Seat 5: janarr5 ($138.35 in chips) 
robercarlos3: posts small blind $0.50
peak joker33: posts big blind $1
jeffy27dt1: sits out 
*** HOLE CARDS ***
janarr5: raises $1.25 to $2.25
kel3vr4_23: folds 
blistein: raises $4.75 to $7
robercarlos3: folds 
peak joker33: folds 
janarr5: calls $4.75
*** FLOP *** [Tc 2h 5h]
janarr5: checks 
blistein: bets $7.36
janarr5: raises $7.64 to $15
blistein: folds 
Uncalled bet ($7.64) returned to janarr5
janarr5 collected $28.71 from pot
janarr5: doesn't show hand 
*** SUMMARY ***
Total pot $30.22 | Rake $1.51 
Board [Tc 2h 5h]
Seat 6: jeffy27dt1
Seat 1: kel3vr4_23 folded before Flop (didn't bet)
Seat 2: blistein (button) folded on the Flop
Seat 3: robercarlos3 (small blind) folded before Flop
Seat 4: peak joker33 (big blind) folded before Flop
Seat 5: janarr5 collected ($28.71)



PokerStars Hand #254480937401:  Hold'em No Limit ($0.50/$1.00 USD) - 2025/01/21 7:02:27 WET [2025/01/21 2:02:27 ET]
Table 'Sicilia III' 6-max Seat #3 is the button
Seat 6: jeffy27dt1 ($100 in chips) is sitting out
Seat 1: kel3vr4_23 ($39.21 in chips) 
Seat 2: blistein ($100 in chips) 
Seat 3: robercarlos3 ($100 in chips) 
Seat 4: peak joker33 ($100 in chips) 
Seat 5: janarr5 ($152.70 in chips) 
peak joker33: posts small blind $0.50
janarr5: posts big blind $1
jeffy27dt1: sits out 
*** HOLE CARDS ***
kel3vr4_23: raises $1 to $2
blistein: folds 
robercarlos3: raises $7 to $9
peak joker33: folds 
janarr5: folds 
kel3vr4_23: folds 
Uncalled bet ($7) returned to robercarlos3
robercarlos3 collected $5.50 from pot
robercarlos3: doesn't show hand 
*** SUMMARY ***
Total pot $5.50 | Rake $0 
Seat 6: jeffy27dt1
Seat 1: kel3vr4_23 folded before Flop
Seat 2: blistein folded before Flop (didn't bet)
Seat 3: robercarlos3 (button) collected ($5.50)
Seat 4: peak joker33 (small blind) folded before Flop
Seat 5: janarr5 (big blind) folded before Flop



PokerStars Hand #254480939537:  Hold'em No Limit ($0.50/$1.00 USD) - 2025/01/21 7:02:59 WET [2025/01/21 2:02:59 ET]
Table 'Sicilia III' 6-max Seat #4 is the button
Seat 1: kel3vr4_23 ($37.21 in chips) 
Seat 2: blistein ($100 in chips) 
Seat 3: robercarlos3 ($103.50 in chips) 
Seat 4: peak joker33 ($100 in chips) 
Seat 5: janarr5 ($151.70 in chips) 
Seat 6: jeffy27dt1 ($100 in chips) 
janarr5: posts small blind $0.50
jeffy27dt1: posts big blind $1
*** HOLE CARDS ***
kel3vr4_23: folds 
blistein: raises $1.20 to $2.20
robercarlos3: folds 
peak joker33: folds 
janarr5: folds 
jeffy27dt1: calls $1.20
*** FLOP *** [7c 2s Kh]
jeffy27dt1: checks 
blistein: bets $2.33
jeffy27dt1: calls $2.33
*** TURN *** [7c 2s Kh] [Ah]
jeffy27dt1: checks 
blistein: checks 
*** RIVER *** [7c 2s Kh Ah] [6s]
kel3vr4_23 is disconnected 
jeffy27dt1: checks 
blistein: checks 
*** SHOW DOWN ***
jeffy27dt1: shows [Ts Th] (a pair of Tens)
blistein: mucks hand 
jeffy27dt1 collected $9.08 from pot
*** SUMMARY ***
Total pot $9.56 | Rake $0.48 
Board [7c 2s Kh Ah 6s]
Seat 1: kel3vr4_23 folded before Flop (didn't bet)
Seat 2: blistein mucked
Seat 3: robercarlos3 folded before Flop (didn't bet)
Seat 4: peak joker33 (button) folded before Flop (didn't bet)
Seat 5: janarr5 (small blind) folded before Flop
Seat 6: jeffy27dt1 (big blind) showed [Ts Th] and won ($9.08) with a pair of Tens



PokerStars Hand #254480945695:  Hold'em No Limit ($0.50/$1.00 USD) - 2025/01/21 7:04:32 WET [2025/01/21 2:04:32 ET]
Table 'Sicilia III' 6-max Seat #5 is the button
Seat 1: kel3vr4_23 ($37.21 in chips) 
Seat 2: blistein ($100 in chips) 
Seat 3: robercarlos3 ($103.50 in chips) 
Seat 4: peak joker33 ($100 in chips) 
Seat 5: janarr5 ($151.20 in chips) 
Seat 6: jeffy27dt1 ($104.55 in chips) 
jeffy27dt1: posts small blind $0.50
kel3vr4_23 is connected 
kel3vr4_23: posts big blind $1
*** HOLE CARDS ***
blistein: folds 
robercarlos3: folds 
peak joker33: raises $1.50 to $2.50
janarr5: folds 
jeffy27dt1: folds 
kel3vr4_23: folds 
Uncalled bet ($1.50) returned to peak joker33
peak joker33 collected $2.50 from pot
peak joker33: doesn't show hand 
*** SUMMARY ***
Total pot $2.50 | Rake $0 
Seat 1: kel3vr4_23 (big blind) folded before Flop
Seat 2: blistein folded before Flop (didn't bet)
Seat 3: robercarlos3 folded before Flop (didn't bet)
Seat 4: peak joker33 collected ($2.50)
Seat 5: janarr5 (button) folded before Flop (didn't bet)
Seat 6: jeffy27dt1 (small blind) folded before Flop



PokerStars Hand #254480947238:  Hold'em No Limit ($0.50/$1.00 USD) - 2025/01/21 7:04:54 WET [2025/01/21 2:04:54 ET]
Table 'Sicilia III' 6-max Seat #6 is the button
Seat 1: kel3vr4_23 ($36.21 in chips) 
Seat 2: blistein ($100 in chips) 
Seat 3: robercarlos3 ($103.50 in chips) 
Seat 4: peak joker33 ($101.50 in chips) 
Seat 5: janarr5 ($151.20 in chips) 
Seat 6: jeffy27dt1 ($104.05 in chips) 
kel3vr4_23: posts small blind $0.50
blistein: posts big blind $1
*** HOLE CARDS ***
robercarlos3: folds 
peak joker33: raises $1.50 to $2.50
janarr5: folds 
jeffy27dt1: folds 
kel3vr4_23: folds 
blistein: folds 
Uncalled bet ($1.50) returned to peak joker33
peak joker33 collected $2.50 from pot
peak joker33: doesn't show hand 
*** SUMMARY ***
Total pot $2.50 | Rake $0 
Seat 1: kel3vr4_23 (small blind) folded before Flop
Seat 2: blistein (big blind) folded before Flop
Seat 3: robercarlos3 folded before Flop (didn't bet)
Seat 4: peak joker33 collected ($2.50)
Seat 5: janarr5 folded before Flop (didn't bet)
Seat 6: jeffy27dt1 (button) folded before Flop (didn't bet)



PokerStars Hand #254480948794:  Hold'em No Limit ($0.50/$1.00 USD) - 2025/01/21 7:05:16 WET [2025/01/21 2:05:16 ET]
Table 'Sicilia III' 6-max Seat #1 is the button
Seat 1: kel3vr4_23 ($35.71 in chips) 
Seat 2: blistein ($100 in chips) 
Seat 3: robercarlos3 ($103.50 in chips) 
Seat 4: peak joker33 ($103 in chips) 
Seat 5: janarr5 ($151.20 in chips) 
Seat 6: jeffy27dt1 ($104.05 in chips) 
blistein: posts small blind $0.50
robercarlos3: posts big blind $1
*** HOLE CARDS ***
peak joker33: folds 
janarr5: raises $1.25 to $2.25
jeffy27dt1: raises $5.25 to $7.50
kel3vr4_23: folds 
blistein: folds 
robercarlos3: folds 
janarr5: folds 
Uncalled bet ($5.25) returned to jeffy27dt1
jeffy27dt1 collected $6 from pot
jeffy27dt1: doesn't show hand 
*** SUMMARY ***
Total pot $6 | Rake $0 
Seat 1: kel3vr4_23 (button) folded before Flop (didn't bet)
Seat 2: blistein (small blind) folded before Flop
Seat 3: robercarlos3 (big blind) folded before Flop
Seat 4: peak joker33 folded before Flop (didn't bet)
Seat 5: janarr5 folded before Flop
Seat 6: jeffy27dt1 collected ($6)



PokerStars Hand #254480949942:  Hold'em No Limit ($0.50/$1.00 USD) - 2025/01/21 7:05:33 WET [2025/01/21 2:05:33 ET]
Table 'Sicilia III' 6-max Seat #2 is the button
Seat 1: kel3vr4_23 ($35.71 in chips) 
Seat 2: blistein ($100 in chips) 
Seat 3: robercarlos3 ($102.50 in chips) 
Seat 4: peak joker33 ($103 in chips) 
Seat 5: janarr5 ($148.95 in chips) 
Seat 6: jeffy27dt1 ($107.80 in chips) 
robercarlos3: posts small blind $0.50
peak joker33: posts big blind $1
*** HOLE CARDS ***
janarr5: folds 
jeffy27dt1: folds 
kel3vr4_23: folds 
blistein: folds 
robercarlos3: folds 
Uncalled bet ($0.50) returned to peak joker33
peak joker33 collected $1 from pot
peak joker33: doesn't show hand 
*** SUMMARY ***
Total pot $1 | Rake $0 
Seat 1: kel3vr4_23 folded before Flop (didn't bet)
Seat 2: blistein (button) folded before Flop (didn't bet)
Seat 3: robercarlos3 (small blind) folded before Flop
Seat 4: peak joker33 (big blind) collected ($1)
Seat 5: janarr5 folded before Flop (didn't bet)
Seat 6: jeffy27dt1 folded before Flop (didn't bet)



PokerStars Hand #254480950792:  Hold'em No Limit ($0.50/$1.00 USD) - 2025/01/21 7:05:46 WET [2025/01/21 2:05:46 ET]
Table 'Sicilia III' 6-max Seat #3 is the button
Seat 1: kel3vr4_23 ($35.71 in chips) 
Seat 2: blistein ($100 in chips) 
Seat 3: robercarlos3 ($102 in chips) 
Seat 4: peak joker33 ($103.50 in chips) 
Seat 5: janarr5 ($148.95 in chips) 
Seat 6: jeffy27dt1 ($107.80 in chips) 
peak joker33: posts small blind $0.50
janarr5: posts big blind $1
*** HOLE CARDS ***
jeffy27dt1: raises $1.50 to $2.50
kel3vr4_23: folds 
blistein: folds 
robercarlos3: folds 
peak joker33: folds 
janarr5: calls $1.50
*** FLOP *** [Jh 6h 4s]
janarr5: checks 
kel3vr4_23 is disconnected 
jeffy27dt1: checks 
*** TURN *** [Jh 6h 4s] [Qs]
janarr5: checks 
jeffy27dt1: checks 
*** RIVER *** [Jh 6h 4s Qs] [8d]
janarr5: checks 
jeffy27dt1: checks 
*** SHOW DOWN ***
janarr5: shows [4d 4h] (three of a kind, Fours)
jeffy27dt1: mucks hand 
janarr5 collected $5.22 from pot
*** SUMMARY ***
Total pot $5.50 | Rake $0.28 
Board [Jh 6h 4s Qs 8d]
Seat 1: kel3vr4_23 folded before Flop (didn't bet)
Seat 2: blistein folded before Flop (didn't bet)
Seat 3: robercarlos3 (button) folded before Flop (didn't bet)
Seat 4: peak joker33 (small blind) folded before Flop
Seat 5: janarr5 (big blind) showed [4d 4h] and won ($5.22) with three of a kind, Fours
Seat 6: jeffy27dt1 mucked



PokerStars Hand #254480955356:  Hold'em No Limit ($0.50/$1.00 USD) - 2025/01/21 7:06:53 WET [2025/01/21 2:06:53 ET]
Table 'Sicilia III' 6-max Seat #4 is the button
Seat 1: kel3vr4_23 ($35.71 in chips) 
Seat 2: blistein ($100 in chips) 
Seat 3: robercarlos3 ($102 in chips) 
Seat 4: peak joker33 ($103 in chips) 
Seat 5: janarr5 ($151.67 in chips) 
Seat 6: jeffy27dt1 ($105.30 in chips) 
janarr5: posts small blind $0.50
jeffy27dt1: posts big blind $1
*** HOLE CARDS ***
kel3vr4_23: folds 
blistein: folds 
robercarlos3: folds 
peak joker33: raises $1.50 to $2.50
janarr5: folds 
jeffy27dt1: folds 
Uncalled bet ($1.50) returned to peak joker33
peak joker33 collected $2.50 from pot
peak joker33: doesn't show hand 
*** SUMMARY ***
Total pot $2.50 | Rake $0 
Seat 1: kel3vr4_23 folded before Flop (didn't bet)
Seat 2: blistein folded before Flop (didn't bet)
Seat 3: robercarlos3 folded before Flop (didn't bet)
Seat 4: peak joker33 (button) collected ($2.50)
Seat 5: janarr5 (small blind) folded before Flop
Seat 6: jeffy27dt1 (big blind) folded before Flop



PokerStars Hand #254480956787:  Hold'em No Limit ($0.50/$1.00 USD) - 2025/01/21 7:07:13 WET [2025/01/21 2:07:13 ET]
Table 'Sicilia III' 6-max Seat #5 is the button
Seat 1: kel3vr4_23 ($35.71 in chips) 
Seat 2: blistein ($100 in chips) 
Seat 3: robercarlos3 ($102 in chips) 
Seat 4: peak joker33 ($104.50 in chips) 
Seat 5: janarr5 ($151.17 in chips) 
Seat 6: jeffy27dt1 ($104.30 in chips) 
jeffy27dt1: posts small blind $0.50
kel3vr4_23: posts big blind $1
*** HOLE CARDS ***
blistein: folds 
robercarlos3: raises $1.30 to $2.30
peak joker33: folds 
janarr5: folds 
jeffy27dt1: folds 
kel3vr4_23: folds 
Uncalled bet ($1.30) returned to robercarlos3
robercarlos3 collected $2.50 from pot
robercarlos3: doesn't show hand 
*** SUMMARY ***
Total pot $2.50 | Rake $0 
Seat 1: kel3vr4_23 (big blind) folded before Flop
Seat 2: blistein folded before Flop (didn't bet)
Seat 3: robercarlos3 collected ($2.50)
Seat 4: peak joker33 folded before Flop (didn't bet)
Seat 5: janarr5 (button) folded before Flop (didn't bet)
Seat 6: jeffy27dt1 (small blind) folded before Flop



PokerStars Hand #254480957712:  Hold'em No Limit ($0.50/$1.00 USD) - 2025/01/21 7:07:27 WET [2025/01/21 2:07:27 ET]
Table 'Sicilia III' 6-max Seat #6 is the button
Seat 1: kel3vr4_23 ($34.71 in chips) 
Seat 2: blistein ($100 in chips) 
Seat 3: robercarlos3 ($103.50 in chips) 
Seat 4: peak joker33 ($104.50 in chips) 
Seat 5: janarr5 ($151.17 in chips) 
Seat 6: jeffy27dt1 ($103.80 in chips) 
kel3vr4_23: posts small blind $0.50
blistein: posts big blind $1
*** HOLE CARDS ***
robercarlos3: folds 
peak joker33: raises $1.50 to $2.50
janarr5: folds 
jeffy27dt1: folds 
kel3vr4_23: folds 
blistein: folds 
Uncalled bet ($1.50) returned to peak joker33
peak joker33 collected $2.50 from pot
peak joker33: doesn't show hand 
*** SUMMARY ***
Total pot $2.50 | Rake $0 
Seat 1: kel3vr4_23 (small blind) folded before Flop
Seat 2: blistein (big blind) folded before Flop
Seat 3: robercarlos3 folded before Flop (didn't bet)
Seat 4: peak joker33 collected ($2.50)
Seat 5: janarr5 folded before Flop (didn't bet)
Seat 6: jeffy27dt1 (button) folded before Flop (didn't bet)



PokerStars Hand #254480958572:  Hold'em No Limit ($0.50/$1.00 USD) - 2025/01/21 7:07:40 WET [2025/01/21 2:07:40 ET]
Table 'Sicilia III' 6-max Seat #1 is the button
Seat 1: kel3vr4_23 ($34.21 in chips) 
Seat 2: blistein ($100 in chips) 
Seat 3: robercarlos3 ($103.50 in chips) 
Seat 4: peak joker33 ($106 in chips) 
Seat 5: janarr5 ($151.17 in chips) 
Seat 6: jeffy27dt1 ($103.80 in chips) 
blistein: posts small blind $0.50
robercarlos3: posts big blind $1
*** HOLE CARDS ***
peak joker33: folds 
janarr5: raises $1.25 to $2.25
jeffy27dt1: folds 
kel3vr4_23: calls $2.25
blistein: folds 
robercarlos3: calls $1.25
*** FLOP *** [6s 9d 6c]
robercarlos3: checks 
janarr5: checks 
kel3vr4_23: checks 
*** TURN *** [6s 9d 6c] [Js]
robercarlos3: checks 
janarr5: bets $4.55
kel3vr4_23: calls $4.55
robercarlos3: folds 
*** RIVER *** [6s 9d 6c Js] [Qs]
janarr5: bets $10.25
kel3vr4_23 is disconnected 
kel3vr4_23 is connected 
kel3vr4_23 has timed out
kel3vr4_23: folds 
Uncalled bet ($10.25) returned to janarr5
janarr5 collected $15.53 from pot
janarr5: doesn't show hand 
*** SUMMARY ***
Total pot $16.35 | Rake $0.82 
Board [6s 9d 6c Js Qs]
Seat 1: kel3vr4_23 (button) folded on the River
Seat 2: blistein (small blind) folded before Flop
Seat 3: robercarlos3 (big blind) folded on the Turn
Seat 4: peak joker33 folded before Flop (didn't bet)
Seat 5: janarr5 collected ($15.53)
Seat 6: jeffy27dt1 folded before Flop (didn't bet)



PokerStars Hand #254480966849:  Hold'em No Limit ($0.50/$1.00 USD) - 2025/01/21 7:09:44 WET [2025/01/21 2:09:44 ET]
Table 'Sicilia III' 6-max Seat #2 is the button
Seat 1: kel3vr4_23 ($27.41 in chips) 
Seat 2: blistein ($100 in chips) 
Seat 3: robercarlos3 ($101.25 in chips) 
Seat 4: peak joker33 ($106 in chips) 
Seat 5: janarr5 ($159.90 in chips) 
Seat 6: jeffy27dt1 ($103.80 in chips) 
robercarlos3: posts small blind $0.50
peak joker33: posts big blind $1
*** HOLE CARDS ***
janarr5: folds 
jeffy27dt1: folds 
kel3vr4_23: folds 
blistein: folds 
robercarlos3: raises $1.50 to $2.50
peak joker33: calls $1.50
*** FLOP *** [Jh 4d 9c]
robercarlos3: bets $1.52
peak joker33: calls $1.52
*** TURN *** [Jh 4d 9c] [9h]
robercarlos3: checks 
peak joker33: checks 
*** RIVER *** [Jh 4d 9c 9h] [Qs]
robercarlos3: checks 
peak joker33: checks 
*** SHOW DOWN ***
robercarlos3: shows [Ah 3d] (a pair of Nines)
peak joker33: shows [Ad Th] (a pair of Nines)
robercarlos3 collected $3.82 from pot
peak joker33 collected $3.82 from pot
*** SUMMARY ***
Total pot $8.04 | Rake $0.40 
Board [Jh 4d 9c 9h Qs]
Seat 1: kel3vr4_23 folded before Flop (didn't bet)
Seat 2: blistein (button) folded before Flop (didn't bet)
Seat 3: robercarlos3 (small blind) showed [Ah 3d] and won ($3.82) with a pair of Nines
Seat 4: peak joker33 (big blind) showed [Ad Th] and won ($3.82) with a pair of Nines
Seat 5: janarr5 folded before Flop (didn't bet)
Seat 6: jeffy27dt1 folded before Flop (didn't bet)



PokerStars Hand #254480970831:  Hold'em No Limit ($0.50/$1.00 USD) - 2025/01/21 7:10:43 WET [2025/01/21 2:10:43 ET]
Table 'Sicilia III' 6-max Seat #3 is the button
Seat 5: janarr5 ($159.90 in chips) is sitting out
Seat 1: kel3vr4_23 ($27.41 in chips) 
Seat 2: blistein ($100 in chips) 
Seat 3: robercarlos3 ($101.05 in chips) 
Seat 4: peak joker33 ($105.80 in chips) 
Seat 6: jeffy27dt1 ($103.80 in chips) 
peak joker33: posts small blind $0.50
janarr5: is sitting out 
jeffy27dt1: posts big blind $1
*** HOLE CARDS ***
janarr5 leaves the table
kel3vr4_23: folds 
blistein: folds 
robercarlos3: raises $1.50 to $2.50
peak joker33: folds 
Pon4uk.ua joins the table at seat #5 
jeffy27dt1: calls $1.50
*** FLOP *** [Qh 6h 3c]
jeffy27dt1: checks 
robercarlos3: bets $1.67
jeffy27dt1: folds 
Uncalled bet ($1.67) returned to robercarlos3
robercarlos3 collected $5.22 from pot
robercarlos3: doesn't show hand 
*** SUMMARY ***
Total pot $5.50 | Rake $0.28 
Board [Qh 6h 3c]
Seat 5: janarr5
Seat 1: kel3vr4_23 folded before Flop (didn't bet)
Seat 2: blistein folded before Flop (didn't bet)
Seat 3: robercarlos3 (button) collected ($5.22)
Seat 4: peak joker33 (small blind) folded before Flop
Seat 6: jeffy27dt1 (big blind) folded on the Flop



PokerStars Hand #254480974500:  Hold'em No Limit ($0.50/$1.00 USD) - 2025/01/21 7:11:38 WET [2025/01/21 2:11:38 ET]
Table 'Sicilia III' 6-max Seat #4 is the button
Seat 5: Pon4uk.ua ($104.47 in chips) is sitting out
Seat 1: kel3vr4_23 ($27.41 in chips) 
Seat 2: blistein ($100 in chips) 
Seat 3: robercarlos3 ($103.77 in chips) 
Seat 4: peak joker33 ($105.30 in chips) 
Seat 6: jeffy27dt1 ($101.30 in chips) 
jeffy27dt1: posts small blind $0.50
kel3vr4_23: posts big blind $1
*** HOLE CARDS ***
blistein: folds 
robercarlos3: raises $1.30 to $2.30
peak joker33: folds 
jeffy27dt1: folds 
kel3vr4_23: folds 
Uncalled bet ($1.30) returned to robercarlos3
robercarlos3 collected $2.50 from pot
robercarlos3: doesn't show hand 
*** SUMMARY ***
Total pot $2.50 | Rake $0 
Seat 5: Pon4uk.ua
Seat 1: kel3vr4_23 (big blind) folded before Flop
Seat 2: blistein folded before Flop (didn't bet)
Seat 3: robercarlos3 collected ($2.50)
Seat 4: peak joker33 (button) folded before Flop (didn't bet)
Seat 6: jeffy27dt1 (small blind) folded before Flop



PokerStars Hand #254480975302:  Hold'em No Limit ($0.50/$1.00 USD) - 2025/01/21 7:11:50 WET [2025/01/21 2:11:50 ET]
Table 'Sicilia III' 6-max Seat #6 is the button
Seat 5: Pon4uk.ua ($104.47 in chips) is sitting out
Seat 1: kel3vr4_23 ($26.41 in chips) 
Seat 2: blistein ($100 in chips) 
Seat 3: robercarlos3 ($105.27 in chips) 
Seat 4: peak joker33 ($105.30 in chips) 
Seat 6: jeffy27dt1 ($100.80 in chips) 
kel3vr4_23: posts small blind $0.50
blistein: posts big blind $1
Pon4uk.ua: sits out 
*** HOLE CARDS ***
robercarlos3: folds 
peak joker33: raises $1.50 to $2.50
jeffy27dt1: folds 
kel3vr4_23: calls $2
blistein: folds 
*** FLOP *** [Ah 7d 8s]
kel3vr4_23: checks 
peak joker33: checks 
*** TURN *** [Ah 7d 8s] [5s]
kel3vr4_23: bets $2
peak joker33: folds 
Uncalled bet ($2) returned to kel3vr4_23
kel3vr4_23 collected $5.70 from pot
*** SUMMARY ***
Total pot $6 | Rake $0.30 
Board [Ah 7d 8s 5s]
Seat 5: Pon4uk.ua
Seat 1: kel3vr4_23 (small blind) collected ($5.70)
Seat 2: blistein (big blind) folded before Flop
Seat 3: robercarlos3 folded before Flop (didn't bet)
Seat 4: peak joker33 folded on the Turn
Seat 6: jeffy27dt1 (button) folded before Flop (didn't bet)



PokerStars Hand #254480978034:  Hold'em No Limit ($0.50/$1.00 USD) - 2025/01/21 7:12:30 WET [2025/01/21 2:12:30 ET]
Table 'Sicilia III' 6-max Seat #1 is the button
Seat 5: Pon4uk.ua ($104.47 in chips) is sitting out
Seat 1: kel3vr4_23 ($29.61 in chips) 
Seat 2: blistein ($100 in chips) 
Seat 3: robercarlos3 ($105.27 in chips) 
Seat 4: peak joker33 ($102.80 in chips) 
Seat 6: jeffy27dt1 ($100.80 in chips) 
blistein: posts small blind $0.50
robercarlos3: posts big blind $1
Pon4uk.ua: sits out 
*** HOLE CARDS ***
peak joker33: raises $1.50 to $2.50
jeffy27dt1: folds 
kel3vr4_23: folds 
blistein: folds 
robercarlos3: folds 
Uncalled bet ($1.50) returned to peak joker33
peak joker33 collected $2.50 from pot
peak joker33: doesn't show hand 
*** SUMMARY ***
Total pot $2.50 | Rake $0 
Seat 5: Pon4uk.ua
Seat 1: kel3vr4_23 (button) folded before Flop (didn't bet)
Seat 2: blistein (small blind) folded before Flop
Seat 3: robercarlos3 (big blind) folded before Flop
Seat 4: peak joker33 collected ($2.50)
Seat 6: jeffy27dt1 folded before Flop (didn't bet)



PokerStars Hand #254480978795:  Hold'em No Limit ($0.50/$1.00 USD) - 2025/01/21 7:12:41 WET [2025/01/21 2:12:41 ET]
Table 'Sicilia III' 6-max Seat #2 is the button
Seat 5: Pon4uk.ua ($104.47 in chips) is sitting out
Seat 1: kel3vr4_23 ($29.61 in chips) 
Seat 2: blistein ($100 in chips) 
Seat 3: robercarlos3 ($104.27 in chips) 
Seat 4: peak joker33 ($104.30 in chips) 
Seat 6: jeffy27dt1 ($100.80 in chips) 
robercarlos3: posts small blind $0.50
peak joker33: posts big blind $1
Pon4uk.ua: sits out 
*** HOLE CARDS ***
jeffy27dt1: folds 
kel3vr4_23: folds 
blistein: folds 
robercarlos3: raises $1.50 to $2.50
peak joker33: calls $1.50
*** FLOP *** [5h Jd 6c]
robercarlos3: bets $1.52
peak joker33: raises $4.67 to $6.19
robercarlos3: calls $4.67
*** TURN *** [5h Jd 6c] [3c]
robercarlos3: checks 
peak joker33: bets $12.38
robercarlos3: folds 
Uncalled bet ($12.38) returned to peak joker33
peak joker33 collected $16.51 from pot
peak joker33: doesn't show hand 
*** SUMMARY ***
Total pot $17.38 | Rake $0.87 
Board [5h Jd 6c 3c]
Seat 5: Pon4uk.ua
Seat 1: kel3vr4_23 folded before Flop (didn't bet)
Seat 2: blistein (button) folded before Flop (didn't bet)
Seat 3: robercarlos3 (small blind) folded on the Turn
Seat 4: peak joker33 (big blind) collected ($16.51)
Seat 6: jeffy27dt1 folded before Flop (didn't bet)



PokerStars Hand #254480982146:  Hold'em No Limit ($0.50/$1.00 USD) - 2025/01/21 7:13:31 WET [2025/01/21 2:13:31 ET]
Table 'Sicilia III' 6-max Seat #3 is the button
Seat 1: kel3vr4_23 ($29.61 in chips) 
Seat 2: blistein ($100 in chips) 
Seat 3: robercarlos3 ($100 in chips) 
Seat 4: peak joker33 ($112.12 in chips) 
Seat 5: Pon4uk.ua ($104.47 in chips) 
Seat 6: jeffy27dt1 ($100.80 in chips) 
peak joker33: posts small blind $0.50
Pon4uk.ua: posts big blind $1
*** HOLE CARDS ***
jeffy27dt1: folds 
kel3vr4_23: folds 
blistein: folds 
robercarlos3: folds 
peak joker33: raises $2 to $3
Pon4uk.ua: folds 
Uncalled bet ($2) returned to peak joker33
peak joker33 collected $2 from pot
peak joker33: doesn't show hand 
*** SUMMARY ***
Total pot $2 | Rake $0 
Seat 1: kel3vr4_23 folded before Flop (didn't bet)
Seat 2: blistein folded before Flop (didn't bet)
Seat 3: robercarlos3 (button) folded before Flop (didn't bet)
Seat 4: peak joker33 (small blind) collected ($2)
Seat 5: Pon4uk.ua (big blind) folded before Flop
Seat 6: jeffy27dt1 folded before Flop (didn't bet)



PokerStars Hand #254480983273:  Hold'em No Limit ($0.50/$1.00 USD) - 2025/01/21 7:13:47 WET [2025/01/21 2:13:47 ET]
Table 'Sicilia III' 6-max Seat #4 is the button
Seat 1: kel3vr4_23 ($29.61 in chips) 
Seat 2: blistein ($100 in chips) 
Seat 3: robercarlos3 ($100 in chips) 
Seat 4: peak joker33 ($113.12 in chips) 
Seat 5: Pon4uk.ua ($103.47 in chips) 
Seat 6: jeffy27dt1 ($100.80 in chips) 
Pon4uk.ua: posts small blind $0.50
jeffy27dt1: posts big blind $1
*** HOLE CARDS ***
kel3vr4_23: folds 
blistein: folds 
robercarlos3: folds 
peak joker33: raises $1.50 to $2.50
kel3vr4_23 leaves the table
Pon4uk.ua: raises $8.50 to $11
blistein leaves the table
jeffy27dt1: folds 
peak joker33: folds 
Uncalled bet ($8.50) returned to Pon4uk.ua
Pon4uk.ua collected $6 from pot
Pon4uk.ua: doesn't show hand 
*** SUMMARY ***
Total pot $6 | Rake $0 
Seat 1: kel3vr4_23 folded before Flop (didn't bet)
Seat 2: blistein folded before Flop (didn't bet)
Seat 3: robercarlos3 folded before Flop (didn't bet)
Seat 4: peak joker33 (button) folded before Flop
Seat 5: Pon4uk.ua (small blind) collected ($6)
Seat 6: jeffy27dt1 (big blind) folded before Flop



PokerStars Hand #254480985132:  Hold'em No Limit ($0.50/$1.00 USD) - 2025/01/21 7:14:15 WET [2025/01/21 2:14:15 ET]
Table 'Sicilia III' 6-max Seat #5 is the button
Seat 3: robercarlos3 ($100 in chips) 
Seat 4: peak joker33 ($110.62 in chips) 
Seat 5: Pon4uk.ua ($106.97 in chips) 
Seat 6: jeffy27dt1 ($100 in chips) 
jeffy27dt1: posts small blind $0.50
robercarlos3: posts big blind $1
*** HOLE CARDS ***
peak joker33: folds 
Pon4uk.ua: raises $1.50 to $2.50
jeffy27dt1: folds 
robercarlos3: folds 
Uncalled bet ($1.50) returned to Pon4uk.ua
Pon4uk.ua collected $2.50 from pot
Pon4uk.ua: doesn't show hand 
*** SUMMARY ***
Total pot $2.50 | Rake $0 
Seat 3: robercarlos3 (big blind) folded before Flop
Seat 4: peak joker33 folded before Flop (didn't bet)
Seat 5: Pon4uk.ua (button) collected ($2.50)
Seat 6: jeffy27dt1 (small blind) folded before Flop



PokerStars Hand #254480985899:  Hold'em No Limit ($0.50/$1.00 USD) - 2025/01/21 7:14:27 WET [2025/01/21 2:14:27 ET]
Table 'Sicilia III' 6-max Seat #3 is the button
Seat 4: peak joker33 ($110.62 in chips) is sitting out
Seat 5: Pon4uk.ua ($108.47 in chips) is sitting out
Seat 3: robercarlos3 ($100 in chips) 
Seat 6: jeffy27dt1 ($100 in chips) 
robercarlos3: posts small blind $0.50
peak joker33: is sitting out 
Pon4uk.ua: is sitting out 
jeffy27dt1: posts big blind $1
*** HOLE CARDS ***
peak joker33 leaves the table
robercarlos3: folds 
Uncalled bet ($0.50) returned to jeffy27dt1
jeffy27dt1 collected $1 from pot
jeffy27dt1: doesn't show hand 
Pon4uk.ua leaves the table
*** SUMMARY ***
Total pot $1 | Rake $0 
Seat 4: peak joker33
Seat 5: Pon4uk.ua
Seat 3: robercarlos3 (button) (small blind) folded before Flop
Seat 6: jeffy27dt1 (big blind) collected ($1)



PokerStars Hand #254480986359:  Hold'em No Limit ($0.50/$1.00 USD) - 2025/01/21 7:14:33 WET [2025/01/21 2:14:33 ET]
Table 'Sicilia III' 6-max Seat #6 is the button
Seat 3: robercarlos3 ($100 in chips) 
Seat 6: jeffy27dt1 ($100.50 in chips) 
jeffy27dt1: posts small blind $0.50
robercarlos3: posts big blind $1
*** HOLE CARDS ***
jeffy27dt1: folds 
Uncalled bet ($0.50) returned to robercarlos3
robercarlos3 collected $1 from pot
robercarlos3: doesn't show hand 
*** SUMMARY ***
Total pot $1 | Rake $0 
Seat 3: robercarlos3 (big blind) collected ($1)
Seat 6: jeffy27dt1 (button) (small blind) folded before Flop



PokerStars Hand #254480751981:  Hold'em No Limit ($0.50/$1.00 USD) - 2025/01/21 6:16:17 WET [2025/01/21 1:16:17 ET]
Table 'Sicilia III' 6-max Seat #2 is the button
Seat 2: Pon4uk.ua ($100 in chips) 
Seat 4: EasyGamerrr ($100 in chips) 
Seat 6: Kristo 914 ($100 in chips) 
EasyGamerrr: posts small blind $0.50
Kristo 914: posts big blind $1
*** HOLE CARDS ***
Pon4uk.ua: raises $1.50 to $2.50
EasyGamerrr: folds 
Kristo 914: folds 
Uncalled bet ($1.50) returned to Pon4uk.ua
Pon4uk.ua collected $2.50 from pot
Pon4uk.ua: doesn't show hand 
*** SUMMARY ***
Total pot $2.50 | Rake $0 
Seat 2: Pon4uk.ua (button) collected ($2.50)
Seat 4: EasyGamerrr (small blind) folded before Flop
Seat 6: Kristo 914 (big blind) folded before Flop



PokerStars Hand #254480753366:  Hold'em No Limit ($0.50/$1.00 USD) - 2025/01/21 6:16:36 WET [2025/01/21 1:16:36 ET]
Table 'Sicilia III' 6-max Seat #4 is the button
Seat 2: Pon4uk.ua ($101.50 in chips) 
Seat 4: EasyGamerrr ($100 in chips) 
Seat 6: Kristo 914 ($99 in chips) 
Kristo 914: posts small blind $0.50
Pon4uk.ua: posts big blind $1
*** HOLE CARDS ***
janarr5 joins the table at seat #1 
EasyGamerrr: folds 
Kristo 914: folds 
Uncalled bet ($0.50) returned to Pon4uk.ua
Pon4uk.ua collected $1 from pot
Pon4uk.ua: doesn't show hand 
*** SUMMARY ***
Total pot $1 | Rake $0 
Seat 2: Pon4uk.ua (big blind) collected ($1)
Seat 4: EasyGamerrr (button) folded before Flop (didn't bet)
Seat 6: Kristo 914 (small blind) folded before Flop



PokerStars Hand #254480754381:  Hold'em No Limit ($0.50/$1.00 USD) - 2025/01/21 6:16:51 WET [2025/01/21 1:16:51 ET]
Table 'Sicilia III' 6-max Seat #6 is the button
Seat 1: janarr5 ($100 in chips) is sitting out
Seat 2: Pon4uk.ua ($102 in chips) 
Seat 4: EasyGamerrr ($100 in chips) 
Seat 6: Kristo 914 ($98.50 in chips) 
Pon4uk.ua: posts small blind $0.50
EasyGamerrr: posts big blind $1
*** HOLE CARDS ***
Kristo 914: folds 
Pon4uk.ua: raises $1.75 to $2.75
EasyGamerrr: calls $1.75
*** FLOP *** [Qc 8d 2s]
Pon4uk.ua: bets $2.61
EasyGamerrr: folds 
Uncalled bet ($2.61) returned to Pon4uk.ua
Pon4uk.ua collected $5.22 from pot
Pon4uk.ua: doesn't show hand 
*** SUMMARY ***
Total pot $5.50 | Rake $0.28 
Board [Qc 8d 2s]
Seat 1: janarr5
Seat 2: Pon4uk.ua (small blind) collected ($5.22)
Seat 4: EasyGamerrr (big blind) folded on the Flop
Seat 6: Kristo 914 (button) folded before Flop (didn't bet)



PokerStars Hand #254480757486:  Hold'em No Limit ($0.50/$1.00 USD) - 2025/01/21 6:17:34 WET [2025/01/21 1:17:34 ET]
Table 'Sicilia III' 6-max Seat #2 is the button
Seat 1: janarr5 ($100 in chips) is sitting out
Seat 2: Pon4uk.ua ($104.47 in chips) 
Seat 4: EasyGamerrr ($100 in chips) 
Seat 6: Kristo 914 ($98.50 in chips) 
EasyGamerrr: posts small blind $0.50
Kristo 914: posts big blind $1
janarr5: sits out 
*** HOLE CARDS ***
Pon4uk.ua: folds 
EasyGamerrr: raises $2 to $3
Kristo 914: folds 
Uncalled bet ($2) returned to EasyGamerrr
EasyGamerrr collected $2 from pot
EasyGamerrr: doesn't show hand 
*** SUMMARY ***
Total pot $2 | Rake $0 
Seat 1: janarr5
Seat 2: Pon4uk.ua (button) folded before Flop (didn't bet)
Seat 4: EasyGamerrr (small blind) collected ($2)
Seat 6: Kristo 914 (big blind) folded before Flop



PokerStars Hand #254480758746:  Hold'em No Limit ($0.50/$1.00 USD) - 2025/01/21 6:17:53 WET [2025/01/21 1:17:53 ET]
Table 'Sicilia III' 6-max Seat #4 is the button
Seat 1: janarr5 ($100 in chips) 
Seat 2: Pon4uk.ua ($104.47 in chips) 
Seat 4: EasyGamerrr ($101 in chips) 
Seat 6: Kristo 914 ($97.50 in chips) 
Kristo 914: posts small blind $0.50
janarr5: posts big blind $1
*** HOLE CARDS ***
Pon4uk.ua: folds 
EasyGamerrr: raises $1.50 to $2.50
Kristo 914: folds 
janarr5: calls $1.50
*** FLOP *** [Qh 5d Ac]
janarr5: checks 
EasyGamerrr: checks 
*** TURN *** [Qh 5d Ac] [Qs]
janarr5: checks 
EasyGamerrr: bets $3.92
janarr5: calls $3.92
*** RIVER *** [Qh 5d Ac Qs] [9s]
janarr5: checks 
EasyGamerrr: checks 
*** SHOW DOWN ***
janarr5: shows [4s Ah] (two pair, Aces and Queens)
EasyGamerrr: mucks hand 
janarr5 collected $12.67 from pot
*** SUMMARY ***
Total pot $13.34 | Rake $0.67 
Board [Qh 5d Ac Qs 9s]
Seat 1: janarr5 (big blind) showed [4s Ah] and won ($12.67) with two pair, Aces and Queens
Seat 2: Pon4uk.ua folded before Flop (didn't bet)
Seat 4: EasyGamerrr (button) mucked
Seat 6: Kristo 914 (small blind) folded before Flop



PokerStars Hand #254480763607:  Hold'em No Limit ($0.50/$1.00 USD) - 2025/01/21 6:19:03 WET [2025/01/21 1:19:03 ET]
Table 'Sicilia III' 6-max Seat #6 is the button
Seat 1: janarr5 ($106.25 in chips) 
Seat 2: Pon4uk.ua ($104.47 in chips) 
Seat 4: EasyGamerrr ($100 in chips) 
Seat 6: Kristo 914 ($97 in chips) 
janarr5: posts small blind $0.50
Pon4uk.ua: posts big blind $1
*** HOLE CARDS ***
EasyGamerrr: folds 
Kristo 914: raises $1.40 to $2.40
janarr5: raises $7.60 to $10
Pon4uk.ua: folds 
Kristo 914: folds 
Uncalled bet ($7.60) returned to janarr5
janarr5 collected $5.80 from pot
janarr5: doesn't show hand 
*** SUMMARY ***
Total pot $5.80 | Rake $0 
Seat 1: janarr5 (small blind) collected ($5.80)
Seat 2: Pon4uk.ua (big blind) folded before Flop
Seat 4: EasyGamerrr folded before Flop (didn't bet)
Seat 6: Kristo 914 (button) folded before Flop



PokerStars Hand #254480764853:  Hold'em No Limit ($0.50/$1.00 USD) - 2025/01/21 6:19:21 WET [2025/01/21 1:19:21 ET]
Table 'Sicilia III' 6-max Seat #1 is the button
Seat 1: janarr5 ($109.65 in chips) 
Seat 2: Pon4uk.ua ($103.47 in chips) 
Seat 4: EasyGamerrr ($100 in chips) 
Seat 6: Kristo 914 ($94.60 in chips) 
Pon4uk.ua: posts small blind $0.50
EasyGamerrr: posts big blind $1
*** HOLE CARDS ***
Kristo 914: folds 
janarr5: raises $1.50 to $2.50
Pon4uk.ua: folds 
EasyGamerrr: calls $1.50
*** FLOP *** [7d 6h 2c]
EasyGamerrr: checks 
janarr5: checks 
*** TURN *** [7d 6h 2c] [Ac]
EasyGamerrr: checks 
janarr5: checks 
*** RIVER *** [7d 6h 2c Ac] [Kc]
EasyGamerrr: checks 
janarr5: bets $3.45
EasyGamerrr: folds 
Uncalled bet ($3.45) returned to janarr5
janarr5 collected $5.22 from pot
janarr5: doesn't show hand 
*** SUMMARY ***
Total pot $5.50 | Rake $0.28 
Board [7d 6h 2c Ac Kc]
Seat 1: janarr5 (button) collected ($5.22)
Seat 2: Pon4uk.ua (small blind) folded before Flop
Seat 4: EasyGamerrr (big blind) folded on the River
Seat 6: Kristo 914 folded before Flop (didn't bet)



PokerStars Hand #254480772399:  Hold'em No Limit ($0.50/$1.00 USD) - 2025/01/21 6:21:12 WET [2025/01/21 1:21:12 ET]
Table 'Sicilia III' 6-max Seat #4 is the button
Seat 6: Kristo 914 ($94.60 in chips) is sitting out
Seat 2: Pon4uk.ua ($102.97 in chips) 
Seat 4: EasyGamerrr ($100 in chips) 
EasyGamerrr: posts small blind $0.50
Kristo 914: is sitting out 
Kristo 914 leaves the table
Pon4uk.ua: posts big blind $1
*** HOLE CARDS ***
EasyGamerrr: folds 
Uncalled bet ($0.50) returned to Pon4uk.ua
Pon4uk.ua collected $1 from pot
Pon4uk.ua: doesn't show hand 
*** SUMMARY ***
Total pot $1 | Rake $0 
Seat 6: Kristo 914
Seat 2: Pon4uk.ua (big blind) collected ($1)
Seat 4: EasyGamerrr (button) (small blind) folded before Flop



PokerStars Hand #254480773130:  Hold'em No Limit ($0.50/$1.00 USD) - 2025/01/21 6:21:22 WET [2025/01/21 1:21:22 ET]
Table 'Sicilia III' 6-max Seat #2 is the button
Seat 2: Pon4uk.ua ($103.47 in chips) 
Seat 4: EasyGamerrr ($100 in chips) 
Pon4uk.ua: posts small blind $0.50
EasyGamerrr: posts big blind $1
*** HOLE CARDS ***
Pon4uk.ua: raises $1.50 to $2.50
EasyGamerrr: folds 
Uncalled bet ($1.50) returned to Pon4uk.ua
Pon4uk.ua collected $2 from pot
Pon4uk.ua: doesn't show hand 
*** SUMMARY ***
Total pot $2 | Rake $0 
Seat 2: Pon4uk.ua (button) (small blind) collected ($2)
Seat 4: EasyGamerrr (big blind) folded before Flop



PokerStars Hand #254480775564:  Hold'em No Limit ($0.50/$1.00 USD) - 2025/01/21 6:21:57 WET [2025/01/21 1:21:57 ET]
Table 'Sicilia III' 6-max Seat #4 is the button
Seat 1: kel3vr4_23 ($10 in chips) 
Seat 4: EasyGamerrr ($100 in chips) 
EasyGamerrr: posts small blind $0.50
kel3vr4_23: posts big blind $1
*** HOLE CARDS ***
EasyGamerrr: calls $0.50
kel3vr4_23: raises $1 to $2
EasyGamerrr: calls $1
*** FLOP *** [Ts 6d Js]
kel3vr4_23: bets $1.90
EasyGamerrr: calls $1.90
*** TURN *** [Ts 6d Js] [7d]
kel3vr4_23: bets $6.10 and is all-in
7bekon7 joins the table at seat #2 
EasyGamerrr: calls $6.10
*** RIVER *** [Ts 6d Js 7d] [7h]
*** SHOW DOWN ***
kel3vr4_23: shows [6s 7s] (a full house, Sevens full of Sixes)
EasyGamerrr: shows [9s Tc] (two pair, Tens and Sevens)
kel3vr4_23 collected $19 from pot
*** SUMMARY ***
Total pot $20 | Rake $1 
Board [Ts 6d Js 7d 7h]
Seat 1: kel3vr4_23 (big blind) showed [6s 7s] and won ($19) with a full house, Sevens full of Sixes
Seat 4: EasyGamerrr (button) (small blind) showed [9s Tc] and lost with two pair, Tens and Sevens



PokerStars Hand #254480777595:  Hold'em No Limit ($0.50/$1.00 USD) - 2025/01/21 6:22:27 WET [2025/01/21 1:22:27 ET]
Table 'Sicilia III' 6-max Seat #4 is the button
Seat 1: kel3vr4_23 ($19 in chips) 
Seat 2: 7bekon7 ($100 in chips) 
Seat 4: EasyGamerrr ($100 in chips) 
kel3vr4_23: posts small blind $0.50
7bekon7: posts big blind $1
*** HOLE CARDS ***
EasyGamerrr: raises $1.50 to $2.50
kel3vr4_23: folds 
7bekon7: calls $1.50
*** FLOP *** [Kc 6d Td]
7bekon7: checks 
EasyGamerrr: checks 
*** TURN *** [Kc 6d Td] [5h]
7bekon7: checks 
EasyGamerrr: checks 
*** RIVER *** [Kc 6d Td 5h] [2s]
7bekon7: checks 
EasyGamerrr: bets $3.92
7bekon7: calls $3.92
*** SHOW DOWN ***
EasyGamerrr: shows [Jc Ts] (a pair of Tens)
7bekon7: mucks hand 
EasyGamerrr collected $12.67 from pot
*** SUMMARY ***
Total pot $13.34 | Rake $0.67 
Board [Kc 6d Td 5h 2s]
Seat 1: kel3vr4_23 (small blind) folded before Flop
Seat 2: 7bekon7 (big blind) mucked
Seat 4: EasyGamerrr (button) showed [Jc Ts] and won ($12.67) with a pair of Tens



PokerStars Hand #254480781998:  Hold'em No Limit ($0.50/$1.00 USD) - 2025/01/21 6:23:31 WET [2025/01/21 1:23:31 ET]
Table 'Sicilia III' 6-max Seat #1 is the button
Seat 1: kel3vr4_23 ($18.50 in chips) 
Seat 2: 7bekon7 ($100 in chips) 
Seat 4: EasyGamerrr ($106.25 in chips) 
7bekon7: posts small blind $0.50
EasyGamerrr: posts big blind $1
*** HOLE CARDS ***
kel3vr4_23: folds 
7bekon7: folds 
Uncalled bet ($0.50) returned to EasyGamerrr
EasyGamerrr collected $1 from pot
EasyGamerrr: doesn't show hand 
*** SUMMARY ***
Total pot $1 | Rake $0 
Seat 1: kel3vr4_23 (button) folded before Flop (didn't bet)
Seat 2: 7bekon7 (small blind) folded before Flop
Seat 4: EasyGamerrr (big blind) collected ($1)



PokerStars Hand #254480782701:  Hold'em No Limit ($0.50/$1.00 USD) - 2025/01/21 6:23:42 WET [2025/01/21 1:23:42 ET]
Table 'Sicilia III' 6-max Seat #2 is the button
Seat 1: kel3vr4_23 ($18.50 in chips) 
Seat 2: 7bekon7 ($100 in chips) 
Seat 4: EasyGamerrr ($106.75 in chips) 
EasyGamerrr: posts small blind $0.50
kel3vr4_23: posts big blind $1
*** HOLE CARDS ***
7bekon7: raises $1.50 to $2.50
EasyGamerrr: folds 
kel3vr4_23: calls $1.50
*** FLOP *** [4s Ad 8d]
kel3vr4_23: checks 
7bekon7: checks 
*** TURN *** [4s Ad 8d] [2h]
alexpipa27 joins the table at seat #6 
kel3vr4_23: checks 
alexpipa27 is disconnected 
7bekon7: checks 
*** RIVER *** [4s Ad 8d 2h] [7s]
kel3vr4_23: checks 
7bekon7: checks 
*** SHOW DOWN ***
kel3vr4_23: shows [Ts Jd] (high card Ace)
7bekon7: shows [Qc Th] (high card Ace - Queen kicker)
7bekon7 collected $5.22 from pot
*** SUMMARY ***
Total pot $5.50 | Rake $0.28 
Board [4s Ad 8d 2h 7s]
Seat 1: kel3vr4_23 (big blind) showed [Ts Jd] and lost with high card Ace
Seat 2: 7bekon7 (button) showed [Qc Th] and won ($5.22) with high card Ace
Seat 4: EasyGamerrr (small blind) folded before Flop



PokerStars Hand #254480784990:  Hold'em No Limit ($0.50/$1.00 USD) - 2025/01/21 6:24:15 WET [2025/01/21 1:24:15 ET]
Table 'Sicilia III' 6-max Seat #4 is the button
Seat 6: alexpipa27 ($15.74 in chips) is sitting out
Seat 1: kel3vr4_23 ($16 in chips) 
Seat 2: 7bekon7 ($102.72 in chips) 
Seat 4: EasyGamerrr ($106.25 in chips) 
kel3vr4_23: posts small blind $0.50
7bekon7: posts big blind $1
*** HOLE CARDS ***
Fold Your Cats joins the table at seat #3 
EasyGamerrr: folds 
kel3vr4_23: raises $1 to $2
7bekon7: calls $1
*** FLOP *** [Tc Js 8d]
kel3vr4_23: checks 
7bekon7: checks 
*** TURN *** [Tc Js 8d] [Qs]
kel3vr4_23: bets $2
7bekon7: calls $2
*** RIVER *** [Tc Js 8d Qs] [Th]
kel3vr4_23: bets $12 and is all-in
7bekon7: folds 
Uncalled bet ($12) returned to kel3vr4_23
kel3vr4_23 collected $7.60 from pot
*** SUMMARY ***
Total pot $8 | Rake $0.40 
Board [Tc Js 8d Qs Th]
Seat 6: alexpipa27
Seat 1: kel3vr4_23 (small blind) collected ($7.60)
Seat 2: 7bekon7 (big blind) folded on the River
Seat 4: EasyGamerrr (button) folded before Flop (didn't bet)



PokerStars Hand #254480787992:  Hold'em No Limit ($0.50/$1.00 USD) - 2025/01/21 6:24:58 WET [2025/01/21 1:24:58 ET]
Table 'Sicilia III' 6-max Seat #1 is the button
Seat 6: alexpipa27 ($15.74 in chips) is sitting out
Seat 1: kel3vr4_23 ($19.60 in chips) 
Seat 2: 7bekon7 ($100 in chips) 
Seat 3: Fold Your Cats ($100 in chips) 
Seat 4: EasyGamerrr ($106.25 in chips) 
7bekon7: posts small blind $0.50
Fold Your Cats: posts big blind $1
alexpipa27: sits out 
*** HOLE CARDS ***
EasyGamerrr: folds 
kel3vr4_23: folds 
7bekon7: folds 
Uncalled bet ($0.50) returned to Fold Your Cats
Fold Your Cats collected $1 from pot
Fold Your Cats: doesn't show hand 
*** SUMMARY ***
Total pot $1 | Rake $0 
Seat 6: alexpipa27
Seat 1: kel3vr4_23 (button) folded before Flop (didn't bet)
Seat 2: 7bekon7 (small blind) folded before Flop
Seat 3: Fold Your Cats (big blind) collected ($1)
Seat 4: EasyGamerrr folded before Flop (didn't bet)



PokerStars Hand #254480788943:  Hold'em No Limit ($0.50/$1.00 USD) - 2025/01/21 6:25:11 WET [2025/01/21 1:25:11 ET]
Table 'Sicilia III' 6-max Seat #2 is the button
Seat 6: alexpipa27 ($15.74 in chips) is sitting out
Seat 1: kel3vr4_23 ($19.60 in chips) 
Seat 2: 7bekon7 ($100 in chips) 
Seat 3: Fold Your Cats ($100.50 in chips) 
Seat 4: EasyGamerrr ($106.25 in chips) 
Fold Your Cats: posts small blind $0.50
EasyGamerrr: posts big blind $1
alexpipa27: sits out 
*** HOLE CARDS ***
kel3vr4_23: folds 
7bekon7: folds 
Fold Your Cats: raises $2 to $3
EasyGamerrr: folds 
Uncalled bet ($2) returned to Fold Your Cats
Fold Your Cats collected $2 from pot
Fold Your Cats: doesn't show hand 
*** SUMMARY ***
Total pot $2 | Rake $0 
Seat 6: alexpipa27
Seat 1: kel3vr4_23 folded before Flop (didn't bet)
Seat 2: 7bekon7 (button) folded before Flop (didn't bet)
Seat 3: Fold Your Cats (small blind) collected ($2)
Seat 4: EasyGamerrr (big blind) folded before Flop



PokerStars Hand #254480790172:  Hold'em No Limit ($0.50/$1.00 USD) - 2025/01/21 6:25:30 WET [2025/01/21 1:25:30 ET]
Table 'Sicilia III' 6-max Seat #3 is the button
Seat 1: kel3vr4_23 ($19.60 in chips) 
Seat 2: 7bekon7 ($100 in chips) 
Seat 3: Fold Your Cats ($101.50 in chips) 
Seat 4: EasyGamerrr ($105.25 in chips) 
Seat 6: alexpipa27 ($15.74 in chips) 
EasyGamerrr: posts small blind $0.50
alexpipa27: posts big blind $1
*** HOLE CARDS ***
kel3vr4_23: folds 
7bekon7: folds 
Fold Your Cats: folds 
EasyGamerrr: raises $52 to $53
alexpipa27: folds 
Uncalled bet ($52) returned to EasyGamerrr
EasyGamerrr collected $2 from pot
EasyGamerrr: doesn't show hand 
*** SUMMARY ***
Total pot $2 | Rake $0 
Seat 1: kel3vr4_23 folded before Flop (didn't bet)
Seat 2: 7bekon7 folded before Flop (didn't bet)
Seat 3: Fold Your Cats (button) folded before Flop (didn't bet)
Seat 4: EasyGamerrr (small blind) collected ($2)
Seat 6: alexpipa27 (big blind) folded before Flop



PokerStars Hand #254480791776:  Hold'em No Limit ($0.50/$1.00 USD) - 2025/01/21 6:25:54 WET [2025/01/21 1:25:54 ET]
Table 'Sicilia III' 6-max Seat #4 is the button
Seat 1: kel3vr4_23 ($19.60 in chips) 
Seat 2: 7bekon7 ($100 in chips) 
Seat 3: Fold Your Cats ($101.50 in chips) 
Seat 4: EasyGamerrr ($106.25 in chips) 
Seat 6: alexpipa27 ($14.74 in chips) 
alexpipa27: posts small blind $0.50
kel3vr4_23: posts big blind $1
*** HOLE CARDS ***
7bekon7: folds 
Fold Your Cats: folds 
EasyGamerrr: folds 
alexpipa27: raises $13.74 to $14.74 and is all-in
kel3vr4_23: folds 
Uncalled bet ($13.74) returned to alexpipa27
alexpipa27 collected $2 from pot
*** SUMMARY ***
Total pot $2 | Rake $0 
Seat 1: kel3vr4_23 (big blind) folded before Flop
Seat 2: 7bekon7 folded before Flop (didn't bet)
Seat 3: Fold Your Cats folded before Flop (didn't bet)
Seat 4: EasyGamerrr (button) folded before Flop (didn't bet)
Seat 6: alexpipa27 (small blind) collected ($2)



PokerStars Hand #254480793075:  Hold'em No Limit ($0.50/$1.00 USD) - 2025/01/21 6:26:12 WET [2025/01/21 1:26:12 ET]
Table 'Sicilia III' 6-max Seat #6 is the button
Seat 1: kel3vr4_23 ($18.60 in chips) 
Seat 2: 7bekon7 ($100 in chips) 
Seat 3: Fold Your Cats ($101.50 in chips) 
Seat 4: EasyGamerrr ($106.25 in chips) 
Seat 6: alexpipa27 ($15.74 in chips) 
kel3vr4_23: posts small blind $0.50
7bekon7: posts big blind $1
*** HOLE CARDS ***
Fold Your Cats: folds 
EasyGamerrr: folds 
alexpipa27: folds 
kel3vr4_23: raises $1 to $2
7bekon7: calls $1
*** FLOP *** [Ts 2s 6h]
kel3vr4_23: bets $1.90
7bekon7: calls $1.90
*** TURN *** [Ts 2s 6h] [2d]
kel3vr4_23: bets $3.71
7bekon7: calls $3.71
*** RIVER *** [Ts 2s 6h 2d] [Qc]
kel3vr4_23: bets $5
7bekon7: folds 
Uncalled bet ($5) returned to kel3vr4_23
kel3vr4_23 collected $14.46 from pot
*** SUMMARY ***
Total pot $15.22 | Rake $0.76 
Board [Ts 2s 6h 2d Qc]
Seat 1: kel3vr4_23 (small blind) collected ($14.46)
Seat 2: 7bekon7 (big blind) folded on the River
Seat 3: Fold Your Cats folded before Flop (didn't bet)
Seat 4: EasyGamerrr folded before Flop (didn't bet)
Seat 6: alexpipa27 (button) folded before Flop (didn't bet)



PokerStars Hand #254480796805:  Hold'em No Limit ($0.50/$1.00 USD) - 2025/01/21 6:27:07 WET [2025/01/21 1:27:07 ET]
Table 'Sicilia III' 6-max Seat #1 is the button
Seat 3: Fold Your Cats ($101.50 in chips) is sitting out
Seat 1: kel3vr4_23 ($25.45 in chips) 
Seat 2: 7bekon7 ($100 in chips) 
Seat 4: EasyGamerrr ($106.25 in chips) 
Seat 6: alexpipa27 ($15.74 in chips) 
7bekon7: posts small blind $0.50
Fold Your Cats: is sitting out 
EasyGamerrr: posts big blind $1
*** HOLE CARDS ***
alexpipa27: folds 
kel3vr4_23: raises $1 to $2
7bekon7: folds 
EasyGamerrr: calls $1
*** FLOP *** [Tc 6c 8h]
Fold Your Cats leaves the table
EasyGamerrr: checks 
kel3vr4_23: checks 
*** TURN *** [Tc 6c 8h] [Td]
EasyGamerrr: bets $2.05
kel3vr4_23: folds 
Uncalled bet ($2.05) returned to EasyGamerrr
EasyGamerrr collected $4.28 from pot
EasyGamerrr: doesn't show hand 
*** SUMMARY ***
Total pot $4.50 | Rake $0.22 
Board [Tc 6c 8h Td]
Seat 3: Fold Your Cats
Seat 1: kel3vr4_23 (button) folded on the Turn
Seat 2: 7bekon7 (small blind) folded before Flop
Seat 4: EasyGamerrr (big blind) collected ($4.28)
Seat 6: alexpipa27 folded before Flop (didn't bet)



PokerStars Hand #254480798931:  Hold'em No Limit ($0.50/$1.00 USD) - 2025/01/21 6:27:39 WET [2025/01/21 1:27:39 ET]
Table 'Sicilia III' 6-max Seat #2 is the button
Seat 1: kel3vr4_23 ($23.45 in chips) 
Seat 2: 7bekon7 ($100 in chips) 
Seat 4: EasyGamerrr ($108.53 in chips) 
Seat 6: alexpipa27 ($15.74 in chips) 
EasyGamerrr: posts small blind $0.50
alexpipa27: posts big blind $1
*** HOLE CARDS ***
kel3vr4_23: folds 
7bekon7: raises $1.50 to $2.50
EasyGamerrr: folds 
alexpipa27: calls $1.50
*** FLOP *** [3d 8d 2c]
alexpipa27: checks 
7bekon7: bets $1.31
alexpipa27: folds 
Uncalled bet ($1.31) returned to 7bekon7
7bekon7 collected $5.22 from pot
7bekon7: doesn't show hand 
*** SUMMARY ***
Total pot $5.50 | Rake $0.28 
Board [3d 8d 2c]
Seat 1: kel3vr4_23 folded before Flop (didn't bet)
Seat 2: 7bekon7 (button) collected ($5.22)
Seat 4: EasyGamerrr (small blind) folded before Flop
Seat 6: alexpipa27 (big blind) folded on the Flop



PokerStars Hand #254480800954:  Hold'em No Limit ($0.50/$1.00 USD) - 2025/01/21 6:28:08 WET [2025/01/21 1:28:08 ET]
Table 'Sicilia III' 6-max Seat #4 is the button
Seat 1: kel3vr4_23 ($23.45 in chips) 
Seat 2: 7bekon7 ($102.72 in chips) 
Seat 4: EasyGamerrr ($108.03 in chips) 
Seat 6: alexpipa27 ($13.24 in chips) 
alexpipa27: posts small blind $0.50
kel3vr4_23: posts big blind $1
*** HOLE CARDS ***
7bekon7: folds 
EasyGamerrr: folds 
alexpipa27: calls $0.50
kel3vr4_23: checks 
*** FLOP *** [Qc 4h 8s]
alexpipa27: bets $1
kel3vr4_23: folds 
Uncalled bet ($1) returned to alexpipa27
alexpipa27 collected $1.90 from pot
*** SUMMARY ***
Total pot $2 | Rake $0.10 
Board [Qc 4h 8s]
Seat 1: kel3vr4_23 (big blind) folded on the Flop
Seat 2: 7bekon7 folded before Flop (didn't bet)
Seat 4: EasyGamerrr (button) folded before Flop (didn't bet)
Seat 6: alexpipa27 (small blind) collected ($1.90)



PokerStars Hand #254480802884:  Hold'em No Limit ($0.50/$1.00 USD) - 2025/01/21 6:28:37 WET [2025/01/21 1:28:37 ET]
Table 'Sicilia III' 6-max Seat #6 is the button
Seat 1: kel3vr4_23 ($22.45 in chips) 
Seat 2: 7bekon7 ($102.72 in chips) 
Seat 4: EasyGamerrr ($108.03 in chips) 
Seat 6: alexpipa27 ($14.14 in chips) 
kel3vr4_23: posts small blind $0.50
7bekon7: posts big blind $1
*** HOLE CARDS ***
EasyGamerrr: folds 
alexpipa27: calls $1
kel3vr4_23: folds 
7bekon7: checks 
*** FLOP *** [7d Th 5h]
7bekon7: checks 
alexpipa27: bets $1
7bekon7: folds 
Uncalled bet ($1) returned to alexpipa27
alexpipa27 collected $2.38 from pot
*** SUMMARY ***
Total pot $2.50 | Rake $0.12 
Board [7d Th 5h]
Seat 1: kel3vr4_23 (small blind) folded before Flop
Seat 2: 7bekon7 (big blind) folded on the Flop
Seat 4: EasyGamerrr folded before Flop (didn't bet)
Seat 6: alexpipa27 (button) collected ($2.38)



PokerStars Hand #254480805094:  Hold'em No Limit ($0.50/$1.00 USD) - 2025/01/21 6:29:10 WET [2025/01/21 1:29:10 ET]
Table 'Sicilia III' 6-max Seat #1 is the button
Seat 1: kel3vr4_23 ($21.95 in chips) 
Seat 2: 7bekon7 ($101.72 in chips) 
Seat 4: EasyGamerrr ($108.03 in chips) 
Seat 6: alexpipa27 ($15.52 in chips) 
7bekon7: posts small blind $0.50
EasyGamerrr: posts big blind $1
*** HOLE CARDS ***
alexpipa27: folds 
kel3vr4_23: raises $1 to $2
7bekon7: folds 
EasyGamerrr: calls $1
*** FLOP *** [9c 5d 9d]
EasyGamerrr: checks 
kel3vr4_23: bets $2.14
D_Robbbbbbbb joins the table at seat #3 
EasyGamerrr: calls $2.14
*** TURN *** [9c 5d 9d] [Kh]
EasyGamerrr: checks 
janarr5 joins the table at seat #5 
kel3vr4_23: checks 
*** RIVER *** [9c 5d 9d Kh] [3d]
EasyGamerrr: checks 
kel3vr4_23: checks 
*** SHOW DOWN ***
EasyGamerrr: shows [5s Qs] (two pair, Nines and Fives)
kel3vr4_23: mucks hand 
EasyGamerrr collected $8.34 from pot
*** SUMMARY ***
Total pot $8.78 | Rake $0.44 
Board [9c 5d 9d Kh 3d]
Seat 1: kel3vr4_23 (button) mucked
Seat 2: 7bekon7 (small blind) folded before Flop
Seat 4: EasyGamerrr (big blind) showed [5s Qs] and won ($8.34) with two pair, Nines and Fives
Seat 6: alexpipa27 folded before Flop (didn't bet)



PokerStars Hand #254480808202:  Hold'em No Limit ($0.50/$1.00 USD) - 2025/01/21 6:29:57 WET [2025/01/21 1:29:57 ET]
Table 'Sicilia III' 6-max Seat #2 is the button
Seat 3: D_Robbbbbbbb ($100 in chips) is sitting out
Seat 1: kel3vr4_23 ($17.81 in chips) 
Seat 2: 7bekon7 ($101.22 in chips) 
Seat 4: EasyGamerrr ($112.23 in chips) 
Seat 5: janarr5 ($112.37 in chips) 
Seat 6: alexpipa27 ($15.52 in chips) 
EasyGamerrr: posts small blind $0.50
janarr5: posts big blind $1
*** HOLE CARDS ***
alexpipa27: folds 
kel3vr4_23: folds 
7bekon7: raises $1.25 to $2.25
EasyGamerrr: folds 
janarr5: folds 
Uncalled bet ($1.25) returned to 7bekon7
7bekon7 collected $2.50 from pot
7bekon7: doesn't show hand 
*** SUMMARY ***
Total pot $2.50 | Rake $0 
Seat 3: D_Robbbbbbbb
Seat 1: kel3vr4_23 folded before Flop (didn't bet)
Seat 2: 7bekon7 (button) collected ($2.50)
Seat 4: EasyGamerrr (small blind) folded before Flop
Seat 5: janarr5 (big blind) folded before Flop
Seat 6: alexpipa27 folded before Flop (didn't bet)



PokerStars Hand #254480809230:  Hold'em No Limit ($0.50/$1.00 USD) - 2025/01/21 6:30:12 WET [2025/01/21 1:30:12 ET]
Table 'Sicilia III' 6-max Seat #4 is the button
Seat 1: kel3vr4_23 ($17.81 in chips) 
Seat 2: 7bekon7 ($102.72 in chips) 
Seat 3: D_Robbbbbbbb ($100 in chips) 
Seat 4: EasyGamerrr ($111.73 in chips) 
Seat 5: janarr5 ($111.37 in chips) 
Seat 6: alexpipa27 ($15.52 in chips) 
janarr5: posts small blind $0.50
alexpipa27: posts big blind $1
D_Robbbbbbbb: posts big blind $1
*** HOLE CARDS ***
kel3vr4_23: folds 
7bekon7: folds 
D_Robbbbbbbb: checks 
EasyGamerrr: raises $2.50 to $3.50
janarr5: folds 
alexpipa27: folds 
D_Robbbbbbbb: calls $2.50
*** FLOP *** [As 5d 8c]
D_Robbbbbbbb: checks 
EasyGamerrr: bets $2.67
D_Robbbbbbbb: calls $2.67
*** TURN *** [As 5d 8c] [Jh]
D_Robbbbbbbb: bets $7.77
EasyGamerrr: calls $7.77
*** RIVER *** [As 5d 8c Jh] [3h]
D_Robbbbbbbb: bets $13.96
EasyGamerrr: calls $13.96
*** SHOW DOWN ***
D_Robbbbbbbb: shows [4c 6c] (high card Ace)
EasyGamerrr: shows [9d Ah] (a pair of Aces)
EasyGamerrr collected $54.80 from pot
*** SUMMARY ***
Total pot $57.30 | Rake $2.50 
Board [As 5d 8c Jh 3h]
Seat 1: kel3vr4_23 folded before Flop (didn't bet)
Seat 2: 7bekon7 folded before Flop (didn't bet)
Seat 3: D_Robbbbbbbb showed [4c 6c] and lost with high card Ace
Seat 4: EasyGamerrr (button) showed [9d Ah] and won ($54.80) with a pair of Aces
Seat 5: janarr5 (small blind) folded before Flop
Seat 6: alexpipa27 (big blind) folded before Flop



PokerStars Hand #254480814603:  Hold'em No Limit ($0.50/$1.00 USD) - 2025/01/21 6:31:31 WET [2025/01/21 1:31:31 ET]
Table 'Sicilia III' 6-max Seat #5 is the button
Seat 1: kel3vr4_23 ($17.81 in chips) 
Seat 2: 7bekon7 ($102.72 in chips) 
Seat 3: D_Robbbbbbbb ($100 in chips) 
Seat 4: EasyGamerrr ($138.63 in chips) 
Seat 5: janarr5 ($110.87 in chips) 
Seat 6: alexpipa27 ($14.52 in chips) 
alexpipa27: posts small blind $0.50
kel3vr4_23: posts big blind $1
*** HOLE CARDS ***
7bekon7: raises $1.25 to $2.25
D_Robbbbbbbb: raises $6 to $8.25
EasyGamerrr: folds 
janarr5: folds 
alexpipa27: folds 
kel3vr4_23: folds 
7bekon7: folds 
Uncalled bet ($6) returned to D_Robbbbbbbb
D_Robbbbbbbb collected $6 from pot
D_Robbbbbbbb: doesn't show hand 
*** SUMMARY ***
Total pot $6 | Rake $0 
Seat 1: kel3vr4_23 (big blind) folded before Flop
Seat 2: 7bekon7 folded before Flop
Seat 3: D_Robbbbbbbb collected ($6)
Seat 4: EasyGamerrr folded before Flop (didn't bet)
Seat 5: janarr5 (button) folded before Flop (didn't bet)
Seat 6: alexpipa27 (small blind) folded before Flop



PokerStars Hand #254480816401:  Hold'em No Limit ($0.50/$1.00 USD) - 2025/01/21 6:31:57 WET [2025/01/21 1:31:57 ET]
Table 'Sicilia III' 6-max Seat #6 is the button
Seat 1: kel3vr4_23 ($16.81 in chips) 
Seat 2: 7bekon7 ($100.47 in chips) 
Seat 3: D_Robbbbbbbb ($103.75 in chips) 
Seat 4: EasyGamerrr ($138.63 in chips) 
Seat 5: janarr5 ($110.87 in chips) 
Seat 6: alexpipa27 ($14.02 in chips) 
kel3vr4_23: posts small blind $0.50
7bekon7: posts big blind $1
*** HOLE CARDS ***
D_Robbbbbbbb: folds 
EasyGamerrr: folds 
janarr5: folds 
alexpipa27: folds 
kel3vr4_23: raises $1 to $2
7bekon7: calls $1
*** FLOP *** [6h 8h 9s]
kel3vr4_23: bets $2
7bekon7: calls $2
*** TURN *** [6h 8h 9s] [Tc]
kel3vr4_23: bets $3
7bekon7: calls $3
*** RIVER *** [6h 8h 9s Tc] [Js]
kel3vr4_23: bets $9.81 and is all-in
7bekon7: folds 
Uncalled bet ($9.81) returned to kel3vr4_23
kel3vr4_23 collected $13.30 from pot
*** SUMMARY ***
Total pot $14 | Rake $0.70 
Board [6h 8h 9s Tc Js]
Seat 1: kel3vr4_23 (small blind) collected ($13.30)
Seat 2: 7bekon7 (big blind) folded on the River
Seat 3: D_Robbbbbbbb folded before Flop (didn't bet)
Seat 4: EasyGamerrr folded before Flop (didn't bet)
Seat 5: janarr5 folded before Flop (didn't bet)
Seat 6: alexpipa27 (button) folded before Flop (didn't bet)



PokerStars Hand #254480819892:  Hold'em No Limit ($0.50/$1.00 USD) - 2025/01/21 6:32:48 WET [2025/01/21 1:32:48 ET]
Table 'Sicilia III' 6-max Seat #1 is the button
Seat 1: kel3vr4_23 ($23.11 in chips) 
Seat 2: 7bekon7 ($100 in chips) 
Seat 3: D_Robbbbbbbb ($103.75 in chips) 
Seat 4: EasyGamerrr ($138.63 in chips) 
Seat 5: janarr5 ($110.87 in chips) 
Seat 6: alexpipa27 ($14.02 in chips) 
7bekon7: posts small blind $0.50
D_Robbbbbbbb: posts big blind $1
*** HOLE CARDS ***
EasyGamerrr: folds 
janarr5: folds 
alexpipa27: calls $1
kel3vr4_23: calls $1
7bekon7: calls $0.50
D_Robbbbbbbb: checks 
*** FLOP *** [Qh 4s Ad]
7bekon7: checks 
D_Robbbbbbbb: checks 
alexpipa27: checks 
kel3vr4_23: checks 
*** TURN *** [Qh 4s Ad] [Tc]
7bekon7: checks 
D_Robbbbbbbb: checks 
alexpipa27: bets $2
kel3vr4_23: folds 
7bekon7: folds 
D_Robbbbbbbb: folds 
Uncalled bet ($2) returned to alexpipa27
alexpipa27 collected $3.80 from pot
*** SUMMARY ***
Total pot $4 | Rake $0.20 
Board [Qh 4s Ad Tc]
Seat 1: kel3vr4_23 (button) folded on the Turn
Seat 2: 7bekon7 (small blind) folded on the Turn
Seat 3: D_Robbbbbbbb (big blind) folded on the Turn
Seat 4: EasyGamerrr folded before Flop (didn't bet)
Seat 5: janarr5 folded before Flop (didn't bet)
Seat 6: alexpipa27 collected ($3.80)



PokerStars Hand #254480823914:  Hold'em No Limit ($0.50/$1.00 USD) - 2025/01/21 6:33:48 WET [2025/01/21 1:33:48 ET]
Table 'Sicilia III' 6-max Seat #2 is the button
Seat 1: kel3vr4_23 ($22.11 in chips) 
Seat 2: 7bekon7 ($100 in chips) 
Seat 3: D_Robbbbbbbb ($102.75 in chips) 
Seat 4: EasyGamerrr ($138.63 in chips) 
Seat 5: janarr5 ($110.87 in chips) 
Seat 6: alexpipa27 ($16.82 in chips) 
D_Robbbbbbbb: posts small blind $0.50
EasyGamerrr: posts big blind $1
*** HOLE CARDS ***
janarr5: raises $1.25 to $2.25
alexpipa27: folds 
kel3vr4_23: folds 
7bekon7: folds 
D_Robbbbbbbb: folds 
EasyGamerrr: folds 
Uncalled bet ($1.25) returned to janarr5
janarr5 collected $2.50 from pot
janarr5: doesn't show hand 
*** SUMMARY ***
Total pot $2.50 | Rake $0 
Seat 1: kel3vr4_23 folded before Flop (didn't bet)
Seat 2: 7bekon7 (button) folded before Flop (didn't bet)
Seat 3: D_Robbbbbbbb (small blind) folded before Flop
Seat 4: EasyGamerrr (big blind) folded before Flop
Seat 5: janarr5 collected ($2.50)
Seat 6: alexpipa27 folded before Flop (didn't bet)



PokerStars Hand #254480824921:  Hold'em No Limit ($0.50/$1.00 USD) - 2025/01/21 6:34:03 WET [2025/01/21 1:34:03 ET]
Table 'Sicilia III' 6-max Seat #3 is the button
Seat 1: kel3vr4_23 ($22.11 in chips) 
Seat 2: 7bekon7 ($100 in chips) 
Seat 3: D_Robbbbbbbb ($102.25 in chips) 
Seat 4: EasyGamerrr ($137.63 in chips) 
Seat 5: janarr5 ($112.37 in chips) 
Seat 6: alexpipa27 ($16.82 in chips) 
EasyGamerrr: posts small blind $0.50
janarr5: posts big blind $1
*** HOLE CARDS ***
alexpipa27: folds 
kel3vr4_23: folds 
7bekon7: folds 
D_Robbbbbbbb: raises $1 to $2
EasyGamerrr: folds 
janarr5: raises $9 to $11
D_Robbbbbbbb: calls $9
*** FLOP *** [9c Ah Jh]
janarr5: bets $5.35
D_Robbbbbbbb: calls $5.35
*** TURN *** [9c Ah Jh] [7h]
janarr5: checks 
D_Robbbbbbbb: checks 
*** RIVER *** [9c Ah Jh 7h] [9s]
janarr5: bets $23.66
D_Robbbbbbbb: folds 
Uncalled bet ($23.66) returned to janarr5
janarr5 collected $31.54 from pot
janarr5: doesn't show hand 
*** SUMMARY ***
Total pot $33.20 | Rake $1.66 
Board [9c Ah Jh 7h 9s]
Seat 1: kel3vr4_23 folded before Flop (didn't bet)
Seat 2: 7bekon7 folded before Flop (didn't bet)
Seat 3: D_Robbbbbbbb (button) folded on the River
Seat 4: EasyGamerrr (small blind) folded before Flop
Seat 5: janarr5 (big blind) collected ($31.54)
Seat 6: alexpipa27 folded before Flop (didn't bet)



PokerStars Hand #254480828877:  Hold'em No Limit ($0.50/$1.00 USD) - 2025/01/21 6:35:02 WET [2025/01/21 1:35:02 ET]
Table 'Sicilia III' 6-max Seat #4 is the button
Seat 1: kel3vr4_23 ($22.11 in chips) 
Seat 2: 7bekon7 ($100 in chips) 
Seat 3: D_Robbbbbbbb ($85.90 in chips) 
Seat 4: EasyGamerrr ($137.13 in chips) 
Seat 5: janarr5 ($127.56 in chips) 
Seat 6: alexpipa27 ($16.82 in chips) 
janarr5: posts small blind $0.50
alexpipa27: posts big blind $1
*** HOLE CARDS ***
kel3vr4_23: folds 
7bekon7: raises $1.25 to $2.25
D_Robbbbbbbb: folds 
EasyGamerrr: folds 
janarr5: folds 
alexpipa27: folds 
Uncalled bet ($1.25) returned to 7bekon7
7bekon7 collected $2.50 from pot
7bekon7: doesn't show hand 
*** SUMMARY ***
Total pot $2.50 | Rake $0 
Seat 1: kel3vr4_23 folded before Flop (didn't bet)
Seat 2: 7bekon7 collected ($2.50)
Seat 3: D_Robbbbbbbb folded before Flop (didn't bet)
Seat 4: EasyGamerrr (button) folded before Flop (didn't bet)
Seat 5: janarr5 (small blind) folded before Flop
Seat 6: alexpipa27 (big blind) folded before Flop



PokerStars Hand #254480830466:  Hold'em No Limit ($0.50/$1.00 USD) - 2025/01/21 6:35:25 WET [2025/01/21 1:35:25 ET]
Table 'Sicilia III' 6-max Seat #5 is the button
Seat 1: kel3vr4_23 ($22.11 in chips) 
Seat 2: 7bekon7 ($101.50 in chips) 
Seat 3: D_Robbbbbbbb ($85.90 in chips) 
Seat 4: EasyGamerrr ($137.13 in chips) 
Seat 5: janarr5 ($127.06 in chips) 
Seat 6: alexpipa27 ($15.82 in chips) 
alexpipa27: posts small blind $0.50
kel3vr4_23: posts big blind $1
*** HOLE CARDS ***
7bekon7: folds 
D_Robbbbbbbb: raises $1 to $2
EasyGamerrr: raises $4.50 to $6.50
janarr5: folds 
alexpipa27: folds 
kel3vr4_23: folds 
D_Robbbbbbbb: raises $14.50 to $21
EasyGamerrr: folds 
Uncalled bet ($14.50) returned to D_Robbbbbbbb
D_Robbbbbbbb collected $14.50 from pot
D_Robbbbbbbb: doesn't show hand 
*** SUMMARY ***
Total pot $14.50 | Rake $0 
Seat 1: kel3vr4_23 (big blind) folded before Flop
Seat 2: 7bekon7 folded before Flop (didn't bet)
Seat 3: D_Robbbbbbbb collected ($14.50)
Seat 4: EasyGamerrr folded before Flop
Seat 5: janarr5 (button) folded before Flop (didn't bet)
Seat 6: alexpipa27 (small blind) folded before Flop



PokerStars Hand #254480832423:  Hold'em No Limit ($0.50/$1.00 USD) - 2025/01/21 6:35:55 WET [2025/01/21 1:35:55 ET]
Table 'Sicilia III' 6-max Seat #6 is the button
Seat 1: kel3vr4_23 ($21.11 in chips) 
Seat 2: 7bekon7 ($101.50 in chips) 
Seat 3: D_Robbbbbbbb ($93.90 in chips) 
Seat 4: EasyGamerrr ($130.63 in chips) 
Seat 5: janarr5 ($127.06 in chips) 
Seat 6: alexpipa27 ($15.32 in chips) 
kel3vr4_23: posts small blind $0.50
7bekon7: posts big blind $1
*** HOLE CARDS ***
D_Robbbbbbbb: folds 
EasyGamerrr: folds 
janarr5: folds 
alexpipa27: folds 
kel3vr4_23: raises $1 to $2
7bekon7: calls $1
*** FLOP *** [8c 7s Qh]
kel3vr4_23: checks 
7bekon7: bets $1.90
kel3vr4_23: folds 
Uncalled bet ($1.90) returned to 7bekon7
7bekon7 collected $3.80 from pot
7bekon7: doesn't show hand 
*** SUMMARY ***
Total pot $4 | Rake $0.20 
Board [8c 7s Qh]
Seat 1: kel3vr4_23 (small blind) folded on the Flop
Seat 2: 7bekon7 (big blind) collected ($3.80)
Seat 3: D_Robbbbbbbb folded before Flop (didn't bet)
Seat 4: EasyGamerrr folded before Flop (didn't bet)
Seat 5: janarr5 folded before Flop (didn't bet)
Seat 6: alexpipa27 (button) folded before Flop (didn't bet)



PokerStars Hand #254480834247:  Hold'em No Limit ($0.50/$1.00 USD) - 2025/01/21 6:36:22 WET [2025/01/21 1:36:22 ET]
Table 'Sicilia III' 6-max Seat #1 is the button
Seat 1: kel3vr4_23 ($19.11 in chips) 
Seat 2: 7bekon7 ($103.30 in chips) 
Seat 3: D_Robbbbbbbb ($93.90 in chips) 
Seat 4: EasyGamerrr ($130.63 in chips) 
Seat 5: janarr5 ($127.06 in chips) 
Seat 6: alexpipa27 ($15.32 in chips) 
7bekon7: posts small blind $0.50
D_Robbbbbbbb: posts big blind $1
*** HOLE CARDS ***
EasyGamerrr: raises $1 to $2
janarr5: folds 
alexpipa27: folds 
kel3vr4_23: calls $2
7bekon7: folds 
D_Robbbbbbbb: calls $1
*** FLOP *** [4s 3c 2c]
D_Robbbbbbbb: checks 
EasyGamerrr: checks 
kel3vr4_23: checks 
*** TURN *** [4s 3c 2c] [Ts]
D_Robbbbbbbb: bets $2
EasyGamerrr: folds 
kel3vr4_23: calls $2
*** RIVER *** [4s 3c 2c Ts] [As]
D_Robbbbbbbb: bets $4.99
kel3vr4_23: raises $4.99 to $9.98
D_Robbbbbbbb: folds 
Uncalled bet ($4.99) returned to kel3vr4_23
kel3vr4_23 collected $19.46 from pot
*** SUMMARY ***
Total pot $20.48 | Rake $1.02 
Board [4s 3c 2c Ts As]
Seat 1: kel3vr4_23 (button) collected ($19.46)
Seat 2: 7bekon7 (small blind) folded before Flop
Seat 3: D_Robbbbbbbb (big blind) folded on the River
Seat 4: EasyGamerrr folded on the Turn
Seat 5: janarr5 folded before Flop (didn't bet)
Seat 6: alexpipa27 folded before Flop (didn't bet)



PokerStars Hand #254480838033:  Hold'em No Limit ($0.50/$1.00 USD) - 2025/01/21 6:37:18 WET [2025/01/21 1:37:18 ET]
Table 'Sicilia III' 6-max Seat #2 is the button
Seat 1: kel3vr4_23 ($29.58 in chips) 
Seat 2: 7bekon7 ($102.80 in chips) 
Seat 3: D_Robbbbbbbb ($84.91 in chips) 
Seat 4: EasyGamerrr ($128.63 in chips) 
Seat 5: janarr5 ($127.06 in chips) 
Seat 6: alexpipa27 ($15.32 in chips) 
D_Robbbbbbbb: posts small blind $0.50
EasyGamerrr: posts big blind $1
*** HOLE CARDS ***
janarr5: raises $1.25 to $2.25
alexpipa27: folds 
kel3vr4_23: folds 
7bekon7: folds 
D_Robbbbbbbb: folds 
EasyGamerrr: folds 
Uncalled bet ($1.25) returned to janarr5
janarr5 collected $2.50 from pot
janarr5: doesn't show hand 
*** SUMMARY ***
Total pot $2.50 | Rake $0 
Seat 1: kel3vr4_23 folded before Flop (didn't bet)
Seat 2: 7bekon7 (button) folded before Flop (didn't bet)
Seat 3: D_Robbbbbbbb (small blind) folded before Flop
Seat 4: EasyGamerrr (big blind) folded before Flop
Seat 5: janarr5 collected ($2.50)
Seat 6: alexpipa27 folded before Flop (didn't bet)



PokerStars Hand #254480839144:  Hold'em No Limit ($0.50/$1.00 USD) - 2025/01/21 6:37:34 WET [2025/01/21 1:37:34 ET]
Table 'Sicilia III' 6-max Seat #3 is the button
Seat 1: kel3vr4_23 ($29.58 in chips) 
Seat 2: 7bekon7 ($102.80 in chips) 
Seat 3: D_Robbbbbbbb ($84.41 in chips) 
Seat 4: EasyGamerrr ($127.63 in chips) 
Seat 5: janarr5 ($128.56 in chips) 
Seat 6: alexpipa27 ($15.32 in chips) 
EasyGamerrr: posts small blind $0.50
janarr5: posts big blind $1
*** HOLE CARDS ***
alexpipa27: raises $14.32 to $15.32 and is all-in
kel3vr4_23: folds 
7bekon7: folds 
D_Robbbbbbbb: folds 
EasyGamerrr: folds 
janarr5: folds 
Uncalled bet ($14.32) returned to alexpipa27
alexpipa27 collected $2.50 from pot
*** SUMMARY ***
Total pot $2.50 | Rake $0 
Seat 1: kel3vr4_23 folded before Flop (didn't bet)
Seat 2: 7bekon7 folded before Flop (didn't bet)
Seat 3: D_Robbbbbbbb (button) folded before Flop (didn't bet)
Seat 4: EasyGamerrr (small blind) folded before Flop
Seat 5: janarr5 (big blind) folded before Flop
Seat 6: alexpipa27 collected ($2.50)



PokerStars Hand #254480840483:  Hold'em No Limit ($0.50/$1.00 USD) - 2025/01/21 6:37:54 WET [2025/01/21 1:37:54 ET]
Table 'Sicilia III' 6-max Seat #4 is the button
Seat 1: kel3vr4_23 ($29.58 in chips) 
Seat 2: 7bekon7 ($102.80 in chips) 
Seat 3: D_Robbbbbbbb ($84.41 in chips) 
Seat 4: EasyGamerrr ($127.13 in chips) 
Seat 5: janarr5 ($127.56 in chips) 
Seat 6: alexpipa27 ($16.82 in chips) 
janarr5: posts small blind $0.50
alexpipa27: posts big blind $1
*** HOLE CARDS ***
kel3vr4_23: raises $1 to $2
7bekon7: folds 
D_Robbbbbbbb: calls $2
EasyGamerrr: folds 
janarr5: folds 
alexpipa27: calls $1
*** FLOP *** [5h 8s Ts]
alexpipa27: checks 
kel3vr4_23: checks 
D_Robbbbbbbb: checks 
*** TURN *** [5h 8s Ts] [7d]
alexpipa27: checks 
kel3vr4_23: checks 
D_Robbbbbbbb: bets $2
alexpipa27: folds 
kel3vr4_23: folds 
Uncalled bet ($2) returned to D_Robbbbbbbb
D_Robbbbbbbb collected $6.18 from pot
D_Robbbbbbbb: doesn't show hand 
*** SUMMARY ***
Total pot $6.50 | Rake $0.32 
Board [5h 8s Ts 7d]
Seat 1: kel3vr4_23 folded on the Turn
Seat 2: 7bekon7 folded before Flop (didn't bet)
Seat 3: D_Robbbbbbbb collected ($6.18)
Seat 4: EasyGamerrr (button) folded before Flop (didn't bet)
Seat 5: janarr5 (small blind) folded before Flop
Seat 6: alexpipa27 (big blind) folded on the Turn



PokerStars Hand #254480843698:  Hold'em No Limit ($0.50/$1.00 USD) - 2025/01/21 6:38:41 WET [2025/01/21 1:38:41 ET]
Table 'Sicilia III' 6-max Seat #5 is the button
Seat 1: kel3vr4_23 ($27.58 in chips) 
Seat 2: 7bekon7 ($102.80 in chips) 
Seat 3: D_Robbbbbbbb ($88.59 in chips) 
Seat 4: EasyGamerrr ($127.13 in chips) 
Seat 5: janarr5 ($127.06 in chips) 
Seat 6: alexpipa27 ($14.82 in chips) 
alexpipa27: posts small blind $0.50
kel3vr4_23: posts big blind $1
*** HOLE CARDS ***
7bekon7: folds 
D_Robbbbbbbb: folds 
EasyGamerrr: folds 
janarr5: folds 
alexpipa27: raises $13.82 to $14.82 and is all-in
kel3vr4_23: folds 
Uncalled bet ($13.82) returned to alexpipa27
alexpipa27 collected $2 from pot
*** SUMMARY ***
Total pot $2 | Rake $0 
Seat 1: kel3vr4_23 (big blind) folded before Flop
Seat 2: 7bekon7 folded before Flop (didn't bet)
Seat 3: D_Robbbbbbbb folded before Flop (didn't bet)
Seat 4: EasyGamerrr folded before Flop (didn't bet)
Seat 5: janarr5 (button) folded before Flop (didn't bet)
Seat 6: alexpipa27 (small blind) collected ($2)



PokerStars Hand #254480844747:  Hold'em No Limit ($0.50/$1.00 USD) - 2025/01/21 6:38:56 WET [2025/01/21 1:38:56 ET]
Table 'Sicilia III' 6-max Seat #6 is the button
Seat 1: kel3vr4_23 ($26.58 in chips) 
Seat 2: 7bekon7 ($102.80 in chips) 
Seat 3: D_Robbbbbbbb ($88.59 in chips) 
Seat 4: EasyGamerrr ($127.13 in chips) 
Seat 5: janarr5 ($127.06 in chips) 
Seat 6: alexpipa27 ($15.82 in chips) 
kel3vr4_23: posts small blind $0.50
7bekon7: posts big blind $1
*** HOLE CARDS ***
D_Robbbbbbbb: folds 
EasyGamerrr: folds 
janarr5: folds 
alexpipa27: folds 
kel3vr4_23: folds 
Uncalled bet ($0.50) returned to 7bekon7
7bekon7 collected $1 from pot
7bekon7: doesn't show hand 
*** SUMMARY ***
Total pot $1 | Rake $0 
Seat 1: kel3vr4_23 (small blind) folded before Flop
Seat 2: 7bekon7 (big blind) collected ($1)
Seat 3: D_Robbbbbbbb folded before Flop (didn't bet)
Seat 4: EasyGamerrr folded before Flop (didn't bet)
Seat 5: janarr5 folded before Flop (didn't bet)
Seat 6: alexpipa27 (button) folded before Flop (didn't bet)



PokerStars Hand #254480845271:  Hold'em No Limit ($0.50/$1.00 USD) - 2025/01/21 6:39:04 WET [2025/01/21 1:39:04 ET]
Table 'Sicilia III' 6-max Seat #1 is the button
Seat 1: kel3vr4_23 ($26.08 in chips) 
Seat 2: 7bekon7 ($103.30 in chips) 
Seat 3: D_Robbbbbbbb ($88.59 in chips) 
Seat 4: EasyGamerrr ($127.13 in chips) 
Seat 5: janarr5 ($127.06 in chips) 
Seat 6: alexpipa27 ($15.82 in chips) 
7bekon7: posts small blind $0.50
D_Robbbbbbbb: posts big blind $1
*** HOLE CARDS ***
EasyGamerrr: folds 
janarr5: folds 
alexpipa27: raises $14.82 to $15.82 and is all-in
kel3vr4_23: folds 
7bekon7: raises $87.48 to $103.30 and is all-in
D_Robbbbbbbb: folds 
Uncalled bet ($87.48) returned to 7bekon7
kel3vr4_23 is disconnected 
*** FLOP *** [Tc Ah 9d]
*** TURN *** [Tc Ah 9d] [Qh]
*** RIVER *** [Tc Ah 9d Qh] [8s]
*** SHOW DOWN ***
7bekon7: shows [Jc Ad] (a straight, Eight to Queen)
alexpipa27: shows [7h 7c] (a pair of Sevens)
7bekon7 collected $31.01 from pot
alexpipa27 cashed out the hand for $16.60 | Cash Out Fee $0.34
*** SUMMARY ***
Total pot $32.64 | Rake $1.63 
Board [Tc Ah 9d Qh 8s]
Seat 1: kel3vr4_23 (button) folded before Flop (didn't bet)
Seat 2: 7bekon7 (small blind) showed [Jc Ad] and won ($31.01) with a straight, Eight to Queen
Seat 3: D_Robbbbbbbb (big blind) folded before Flop
Seat 4: EasyGamerrr folded before Flop (didn't bet)
Seat 5: janarr5 folded before Flop (didn't bet)
Seat 6: alexpipa27 showed [7h 7c] and lost with a pair of Sevens (cashed out).



PokerStars Hand #254480847558:  Hold'em No Limit ($0.50/$1.00 USD) - 2025/01/21 6:39:38 WET [2025/01/21 1:39:38 ET]
Table 'Sicilia III' 6-max Seat #2 is the button
Seat 1: kel3vr4_23 ($26.08 in chips) 
Seat 2: 7bekon7 ($118.49 in chips) 
Seat 3: D_Robbbbbbbb ($87.59 in chips) 
Seat 4: EasyGamerrr ($127.13 in chips) 
Seat 5: janarr5 ($127.06 in chips) 
Seat 6: alexpipa27 ($16.60 in chips) 
D_Robbbbbbbb: posts small blind $0.50
EasyGamerrr: posts big blind $1
*** HOLE CARDS ***
janarr5: folds 
alexpipa27: folds 
kel3vr4_23: folds 
7bekon7: folds 
D_Robbbbbbbb: calls $0.50
EasyGamerrr: raises $3.50 to $4.50
D_Robbbbbbbb: folds 
Uncalled bet ($3.50) returned to EasyGamerrr
EasyGamerrr collected $2 from pot
EasyGamerrr: doesn't show hand 
kel3vr4_23 is disconnected 
*** SUMMARY ***
Total pot $2 | Rake $0 
Seat 1: kel3vr4_23 folded before Flop (didn't bet)
Seat 2: 7bekon7 (button) folded before Flop (didn't bet)
Seat 3: D_Robbbbbbbb (small blind) folded before Flop
Seat 4: EasyGamerrr (big blind) collected ($2)
Seat 5: janarr5 folded before Flop (didn't bet)
Seat 6: alexpipa27 folded before Flop (didn't bet)



PokerStars Hand #254480849563:  Hold'em No Limit ($0.50/$1.00 USD) - 2025/01/21 6:40:08 WET [2025/01/21 1:40:08 ET]
Table 'Sicilia III' 6-max Seat #3 is the button
Seat 1: kel3vr4_23 ($26.08 in chips) 
Seat 2: 7bekon7 ($118.49 in chips) 
Seat 3: D_Robbbbbbbb ($86.59 in chips) 
Seat 4: EasyGamerrr ($128.13 in chips) 
Seat 5: janarr5 ($127.06 in chips) 
Seat 6: alexpipa27 ($16.60 in chips) 
EasyGamerrr: posts small blind $0.50
janarr5: posts big blind $1
*** HOLE CARDS ***
alexpipa27: folds 
kel3vr4_23: folds 
7bekon7: folds 
D_Robbbbbbbb: raises $1 to $2
EasyGamerrr: folds 
janarr5: raises $9 to $11
D_Robbbbbbbb: folds 
Uncalled bet ($9) returned to janarr5
janarr5 collected $4.50 from pot
janarr5: doesn't show hand 
*** SUMMARY ***
Total pot $4.50 | Rake $0 
Seat 1: kel3vr4_23 folded before Flop (didn't bet)
Seat 2: 7bekon7 folded before Flop (didn't bet)
Seat 3: D_Robbbbbbbb (button) folded before Flop
Seat 4: EasyGamerrr (small blind) folded before Flop
Seat 5: janarr5 (big blind) collected ($4.50)
Seat 6: alexpipa27 folded before Flop (didn't bet)



