PokerStars Hand #254483893291:  Hold'em No Limit ($0.50/$1.00 USD) - 2025/01/21 14:27:48 WET [2025/01/21 9:27:48 ET]
Table 'Thule IV' 6-max Seat #3 is the button
Seat 4: franco232315 ($100 in chips) is sitting out
Seat 1: magzi777 ($100 in chips) 
Seat 2: v.sting ($101.50 in chips) 
Seat 3: ReVeu710 ($102.50 in chips) 
Seat 5: blistein ($100 in chips) 
Seat 6: ilian_ivanov88 ($97 in chips) 
blistein: posts small blind $0.50
ilian_ivanov88: posts big blind $1
*** HOLE CARDS ***
magzi777: raises $1.50 to $2.50
v.sting: folds 
ReVeu710: raises $5.50 to $8
blistein: folds 
ilian_ivanov88: folds 
magzi777: folds 
Uncalled bet ($5.50) returned to ReVeu710
ReVeu710 collected $6.50 from pot
ReVeu710: doesn't show hand 
*** SUMMARY ***
Total pot $6.50 | Rake $0 
Seat 4: franco232315
Seat 1: magzi777 folded before Flop
Seat 2: v.sting folded before Flop (didn't bet)
Seat 3: ReVeu710 (button) collected ($6.50)
Seat 5: blistein (small blind) folded before Flop
Seat 6: ilian_ivanov88 (big blind) folded before Flop



PokerStars Hand #254483899722:  Hold'em No Limit ($0.50/$1.00 USD) - 2025/01/21 14:28:24 WET [2025/01/21 9:28:24 ET]
Table 'Thule IV' 6-max Seat #5 is the button
Seat 4: franco232315 ($100 in chips) is sitting out
Seat 1: magzi777 ($100 in chips) 
Seat 2: v.sting ($101.50 in chips) 
Seat 3: ReVeu710 ($106.50 in chips) 
Seat 5: blistein ($100 in chips) 
Seat 6: ilian_ivanov88 ($96 in chips) 
ilian_ivanov88: posts small blind $0.50
magzi777: posts big blind $1
franco232315: sits out 
*** HOLE CARDS ***
v.sting: raises $1.50 to $2.50
ReVeu710: folds 
blistein: folds 
ilian_ivanov88: folds 
magzi777: folds 
Uncalled bet ($1.50) returned to v.sting
v.sting collected $2.50 from pot
v.sting: doesn't show hand 
*** SUMMARY ***
Total pot $2.50 | Rake $0 
Seat 4: franco232315
Seat 1: magzi777 (big blind) folded before Flop
Seat 2: v.sting collected ($2.50)
Seat 3: ReVeu710 folded before Flop (didn't bet)
Seat 5: blistein (button) folded before Flop (didn't bet)
Seat 6: ilian_ivanov88 (small blind) folded before Flop



PokerStars Hand #254483901411:  Hold'em No Limit ($0.50/$1.00 USD) - 2025/01/21 14:28:33 WET [2025/01/21 9:28:33 ET]
Table 'Thule IV' 6-max Seat #6 is the button
Seat 2: v.sting ($103 in chips) is sitting out
Seat 3: ReVeu710 ($106.50 in chips) is sitting out
Seat 1: magzi777 ($100 in chips) 
Seat 4: franco232315 ($100 in chips) 
Seat 5: blistein ($100 in chips) 
Seat 6: ilian_ivanov88 ($95.50 in chips) 
magzi777: posts small blind $0.50
v.sting: is sitting out 
ReVeu710: is sitting out 
franco232315: posts big blind $1
*** HOLE CARDS ***
ReVeu710 leaves the table
blistein: folds 
ilian_ivanov88: raises $1.50 to $2.50
magzi777: folds 
franco232315: folds 
Uncalled bet ($1.50) returned to ilian_ivanov88
ilian_ivanov88 collected $2.50 from pot
*** SUMMARY ***
Total pot $2.50 | Rake $0 
Seat 2: v.sting
Seat 3: ReVeu710
Seat 1: magzi777 (small blind) folded before Flop
Seat 4: franco232315 (big blind) folded before Flop
Seat 5: blistein folded before Flop (didn't bet)
Seat 6: ilian_ivanov88 (button) collected ($2.50)



PokerStars Hand #254483885299:  Hold'em No Limit ($0.50/$1.00 USD) - 2025/01/21 14:27:02 WET [2025/01/21 9:27:02 ET]
Table 'Thule IV' 6-max Seat #6 is the button
Seat 1: magzi777 ($100.50 in chips) 
Seat 2: v.sting ($100 in chips) 
Seat 3: ReVeu710 ($100 in chips) 
Seat 6: ilian_ivanov88 ($99.50 in chips) 
magzi777: posts small blind $0.50
v.sting: posts big blind $1
*** HOLE CARDS ***
ReVeu710: folds 
ilian_ivanov88: folds 
magzi777: folds 
Uncalled bet ($0.50) returned to v.sting
v.sting collected $1 from pot
v.sting: doesn't show hand 
*** SUMMARY ***
Total pot $1 | Rake $0 
Seat 1: magzi777 (small blind) folded before Flop
Seat 2: v.sting (big blind) collected ($1)
Seat 3: ReVeu710 folded before Flop (didn't bet)
Seat 6: ilian_ivanov88 (button) folded before Flop (didn't bet)



PokerStars Hand #254483887631:  Hold'em No Limit ($0.50/$1.00 USD) - 2025/01/21 14:27:16 WET [2025/01/21 9:27:16 ET]
Table 'Thule IV' 6-max Seat #1 is the button
Seat 1: magzi777 ($100 in chips) 
Seat 2: v.sting ($100.50 in chips) 
Seat 3: ReVeu710 ($100 in chips) 
Seat 6: ilian_ivanov88 ($99.50 in chips) 
v.sting: posts small blind $0.50
ReVeu710: posts big blind $1
*** HOLE CARDS ***
ilian_ivanov88: raises $1.50 to $2.50
magzi777: folds 
blistein joins the table at seat #5 
v.sting: folds 
ReVeu710: raises $10.50 to $13
ilian_ivanov88: folds 
Uncalled bet ($10.50) returned to ReVeu710
ReVeu710 collected $5.50 from pot
ReVeu710: doesn't show hand 
*** SUMMARY ***
Total pot $5.50 | Rake $0 
Seat 1: magzi777 (button) folded before Flop (didn't bet)
Seat 2: v.sting (small blind) folded before Flop
Seat 3: ReVeu710 (big blind) collected ($5.50)
Seat 6: ilian_ivanov88 folded before Flop



PokerStars Hand #254483891033:  Hold'em No Limit ($0.50/$1.00 USD) - 2025/01/21 14:27:35 WET [2025/01/21 9:27:35 ET]
Table 'Thule IV' 6-max Seat #2 is the button
Seat 1: magzi777 ($100 in chips) 
Seat 2: v.sting ($100 in chips) 
Seat 3: ReVeu710 ($103 in chips) 
Seat 5: blistein ($100 in chips) 
Seat 6: ilian_ivanov88 ($97 in chips) 
ReVeu710: posts small blind $0.50
blistein: posts big blind $1
*** HOLE CARDS ***
ilian_ivanov88: folds 
magzi777: folds 
franco232315 joins the table at seat #4 
v.sting: raises $1.10 to $2.10
ReVeu710: folds 
blistein: folds 
Uncalled bet ($1.10) returned to v.sting
v.sting collected $2.50 from pot
v.sting: doesn't show hand 
*** SUMMARY ***
Total pot $2.50 | Rake $0 
Seat 1: magzi777 folded before Flop (didn't bet)
Seat 2: v.sting (button) collected ($2.50)
Seat 3: ReVeu710 (small blind) folded before Flop
Seat 5: blistein (big blind) folded before Flop
Seat 6: ilian_ivanov88 folded before Flop (didn't bet)



PokerStars Hand #254483904169:  Hold'em No Limit ($0.50/$1.00 USD) - 2025/01/21 14:28:49 WET [2025/01/21 9:28:49 ET]
Table 'Thule IV' 6-max Seat #1 is the button
Seat 2: v.sting ($103 in chips) is sitting out
Seat 1: magzi777 ($100 in chips) 
Seat 4: franco232315 ($100 in chips) 
Seat 5: blistein ($100 in chips) 
Seat 6: ilian_ivanov88 ($97 in chips) 
franco232315: posts small blind $0.50
blistein: posts big blind $1
*** HOLE CARDS ***
ilian_ivanov88: folds 
magzi777: folds 
franco232315: raises $1 to $2
blistein: calls $1
*** FLOP *** [6c 6d 9d]
franco232315: checks 
v.sting leaves the table
blistein: checks 
*** TURN *** [6c 6d 9d] [As]
franco232315: checks 
nastja336 joins the table at seat #3 
BGS013 joins the table at seat #2 
blistein: checks 
*** RIVER *** [6c 6d 9d As] [5d]
franco232315: checks 
blistein: checks 
*** SHOW DOWN ***
franco232315: shows [9s Jh] (two pair, Nines and Sixes)
blistein: mucks hand 
franco232315 collected $3.80 from pot
*** SUMMARY ***
Total pot $4 | Rake $0.20 
Board [6c 6d 9d As 5d]
Seat 2: v.sting
Seat 1: magzi777 (button) folded before Flop (didn't bet)
Seat 4: franco232315 (small blind) showed [9s Jh] and won ($3.80) with two pair, Nines and Sixes
Seat 5: blistein (big blind) mucked
Seat 6: ilian_ivanov88 folded before Flop (didn't bet)



PokerStars Hand #254483915787:  Hold'em No Limit ($0.50/$1.00 USD) - 2025/01/21 14:29:54 WET [2025/01/21 9:29:54 ET]
Table 'Thule IV' 6-max Seat #4 is the button
Seat 2: BGS013 ($100 in chips) is sitting out
Seat 3: nastja336 ($100 in chips) is sitting out
Seat 1: magzi777 ($100 in chips) 
Seat 4: franco232315 ($101.80 in chips) 
Seat 5: blistein ($100 in chips) 
Seat 6: ilian_ivanov88 ($97 in chips) 
blistein: posts small blind $0.50
ilian_ivanov88: posts big blind $1
BGS013: sits out 
nastja336: sits out 
*** HOLE CARDS ***
magzi777: folds 
franco232315: folds 
blistein: raises $2 to $3
ilian_ivanov88: calls $2
*** FLOP *** [Kh 7c Ks]
blistein: bets $1.94
ilian_ivanov88: calls $1.94
*** TURN *** [Kh 7c Ks] [5s]
blistein: bets $3.19
ilian_ivanov88: folds 
Uncalled bet ($3.19) returned to blistein
blistein collected $9.39 from pot
blistein: doesn't show hand 
*** SUMMARY ***
Total pot $9.88 | Rake $0.49 
Board [Kh 7c Ks 5s]
Seat 2: BGS013
Seat 3: nastja336
Seat 1: magzi777 folded before Flop (didn't bet)
Seat 4: franco232315 (button) folded before Flop (didn't bet)
Seat 5: blistein (small blind) collected ($9.39)
Seat 6: ilian_ivanov88 (big blind) folded on the Turn



PokerStars Hand #254483920143:  Hold'em No Limit ($0.50/$1.00 USD) - 2025/01/21 14:30:19 WET [2025/01/21 9:30:19 ET]
Table 'Thule IV' 6-max Seat #5 is the button
Seat 2: BGS013 ($100 in chips) is sitting out
Seat 3: nastja336 ($100 in chips) is sitting out
Seat 1: magzi777 ($100 in chips) 
Seat 4: franco232315 ($101.80 in chips) 
Seat 5: blistein ($104.45 in chips) 
Seat 6: ilian_ivanov88 ($92.06 in chips) 
ilian_ivanov88: posts small blind $0.50
magzi777: posts big blind $1
BGS013: sits out 
nastja336: sits out 
*** HOLE CARDS ***
franco232315: folds 
blistein: raises $1.50 to $2.50
ilian_ivanov88: folds 
magzi777: raises $8.50 to $11
blistein: folds 
Uncalled bet ($8.50) returned to magzi777
magzi777 collected $5.50 from pot
*** SUMMARY ***
Total pot $5.50 | Rake $0 
Seat 2: BGS013
Seat 3: nastja336
Seat 1: magzi777 (big blind) collected ($5.50)
Seat 4: franco232315 folded before Flop (didn't bet)
Seat 5: blistein (button) folded before Flop
Seat 6: ilian_ivanov88 (small blind) folded before Flop



PokerStars Hand #254483924031:  Hold'em No Limit ($0.50/$1.00 USD) - 2025/01/21 14:30:40 WET [2025/01/21 9:30:40 ET]
Table 'Thule IV' 6-max Seat #6 is the button
Seat 3: nastja336 ($100 in chips) is sitting out
Seat 1: magzi777 ($103 in chips) 
Seat 2: BGS013 ($100 in chips) 
Seat 4: franco232315 ($101.80 in chips) 
Seat 5: blistein ($101.95 in chips) 
Seat 6: ilian_ivanov88 ($91.56 in chips) 
magzi777: posts small blind $0.50
BGS013: posts big blind $1
nastja336: sits out 
*** HOLE CARDS ***
franco232315: folds 
blistein: raises $1.30 to $2.30
ilian_ivanov88: folds 
magzi777: folds 
BGS013: folds 
Uncalled bet ($1.30) returned to blistein
blistein collected $2.50 from pot
blistein: doesn't show hand 
*** SUMMARY ***
Total pot $2.50 | Rake $0 
Seat 3: nastja336
Seat 1: magzi777 (small blind) folded before Flop
Seat 2: BGS013 (big blind) folded before Flop
Seat 4: franco232315 folded before Flop (didn't bet)
Seat 5: blistein collected ($2.50)
Seat 6: ilian_ivanov88 (button) folded before Flop (didn't bet)



PokerStars Hand #254483926563:  Hold'em No Limit ($0.50/$1.00 USD) - 2025/01/21 14:30:55 WET [2025/01/21 9:30:55 ET]
Table 'Thule IV' 6-max Seat #1 is the button
Seat 1: magzi777 ($102.50 in chips) 
Seat 2: BGS013 ($100 in chips) 
Seat 3: nastja336 ($100 in chips) 
Seat 4: franco232315 ($101.80 in chips) 
Seat 5: blistein ($103.45 in chips) 
Seat 6: ilian_ivanov88 ($91.56 in chips) 
BGS013: posts small blind $0.50
nastja336: posts big blind $1
*** HOLE CARDS ***
franco232315: raises $1.20 to $2.20
blistein: folds 
ilian_ivanov88: folds 
magzi777: folds 
BGS013: folds 
nastja336: calls $1.20
*** FLOP *** [8c 4d 5s]
nastja336: bets $1.54
franco232315: calls $1.54
*** TURN *** [8c 4d 5s] [Th]
nastja336: checks 
franco232315: checks 
*** RIVER *** [8c 4d 5s Th] [Ks]
nastja336: bets $5
franco232315: folds 
Uncalled bet ($5) returned to nastja336
franco232315 leaves the table
nastja336 collected $7.58 from pot
nastja336: doesn't show hand 
*** SUMMARY ***
Total pot $7.98 | Rake $0.40 
Board [8c 4d 5s Th Ks]
Seat 1: magzi777 (button) folded before Flop (didn't bet)
Seat 2: BGS013 (small blind) folded before Flop
Seat 3: nastja336 (big blind) collected ($7.58)
Seat 4: franco232315 folded on the River
Seat 5: blistein folded before Flop (didn't bet)
Seat 6: ilian_ivanov88 folded before Flop (didn't bet)



PokerStars Hand #254483939619:  Hold'em No Limit ($0.50/$1.00 USD) - 2025/01/21 14:32:07 WET [2025/01/21 9:32:07 ET]
Table 'Thule IV' 6-max Seat #2 is the button
Seat 5: blistein ($103.45 in chips) is sitting out
Seat 1: magzi777 ($102.50 in chips) 
Seat 2: BGS013 ($100 in chips) 
Seat 3: nastja336 ($103.84 in chips) 
Seat 6: ilian_ivanov88 ($91.56 in chips) 
nastja336: posts small blind $0.50
blistein: is sitting out 
ilian_ivanov88: posts big blind $1
*** HOLE CARDS ***
magzi777: folds 
BGS013: folds 
nastja336: folds 
Uncalled bet ($0.50) returned to ilian_ivanov88
ilian_ivanov88 collected $1 from pot
*** SUMMARY ***
Total pot $1 | Rake $0 
Seat 5: blistein
Seat 1: magzi777 folded before Flop (didn't bet)
Seat 2: BGS013 (button) folded before Flop (didn't bet)
Seat 3: nastja336 (small blind) folded before Flop
Seat 6: ilian_ivanov88 (big blind) collected ($1)



PokerStars Hand #254483942614:  Hold'em No Limit ($0.50/$1.00 USD) - 2025/01/21 14:32:23 WET [2025/01/21 9:32:23 ET]
Table 'Thule IV' 6-max Seat #3 is the button
Seat 5: blistein ($103.45 in chips) is sitting out
Seat 1: magzi777 ($102.50 in chips) 
Seat 2: BGS013 ($100 in chips) 
Seat 3: nastja336 ($103.34 in chips) 
Seat 6: ilian_ivanov88 ($92.06 in chips) 
ilian_ivanov88: posts small blind $0.50
magzi777: posts big blind $1
*** HOLE CARDS ***
blistein leaves the table
BGS013: raises $1.50 to $2.50
nastja336: folds 
ilian_ivanov88: folds 
magzi777: calls $1.50
*** FLOP *** [Jh 5d Th]
magzi777: checks 
BGS013: bets $1.36
magzi777: folds 
Uncalled bet ($1.36) returned to BGS013
BGS013 collected $5.22 from pot
BGS013: doesn't show hand 
*** SUMMARY ***
Total pot $5.50 | Rake $0.28 
Board [Jh 5d Th]
Seat 5: blistein
Seat 1: magzi777 (big blind) folded on the Flop
Seat 2: BGS013 collected ($5.22)
Seat 3: nastja336 (button) folded before Flop (didn't bet)
Seat 6: ilian_ivanov88 (small blind) folded before Flop



PokerStars Hand #254483947484:  Hold'em No Limit ($0.50/$1.00 USD) - 2025/01/21 14:32:50 WET [2025/01/21 9:32:50 ET]
Table 'Thule IV' 6-max Seat #6 is the button
Seat 1: magzi777 ($100 in chips) 
Seat 2: BGS013 ($102.72 in chips) 
Seat 3: nastja336 ($103.34 in chips) 
Seat 6: ilian_ivanov88 ($91.56 in chips) 
magzi777: posts small blind $0.50
BGS013: posts big blind $1
*** HOLE CARDS ***
nastja336: folds 
ilian_ivanov88: folds 
magzi777: folds 
Uncalled bet ($0.50) returned to BGS013
BGS013 collected $1 from pot
*** SUMMARY ***
Total pot $1 | Rake $0 
Seat 1: magzi777 (small blind) folded before Flop
Seat 2: BGS013 (big blind) collected ($1)
Seat 3: nastja336 folded before Flop (didn't bet)
Seat 6: ilian_ivanov88 (button) folded before Flop (didn't bet)



PokerStars Hand #254483949389:  Hold'em No Limit ($0.50/$1.00 USD) - 2025/01/21 14:33:01 WET [2025/01/21 9:33:01 ET]
Table 'Thule IV' 6-max Seat #1 is the button
Seat 3: nastja336 ($103.34 in chips) is sitting out
Seat 1: magzi777 ($100 in chips) 
Seat 2: BGS013 ($103.22 in chips) 
Seat 6: ilian_ivanov88 ($91.56 in chips) 
BGS013: posts small blind $0.50
nastja336: is sitting out 
ilian_ivanov88: posts big blind $1
*** HOLE CARDS ***
magzi777: folds 
nastja336 leaves the table
BGS013: folds 
Uncalled bet ($0.50) returned to ilian_ivanov88
ilian_ivanov88 collected $1 from pot
*** SUMMARY ***
Total pot $1 | Rake $0 
Seat 3: nastja336
Seat 1: magzi777 (button) folded before Flop (didn't bet)
Seat 2: BGS013 (small blind) folded before Flop
Seat 6: ilian_ivanov88 (big blind) collected ($1)



PokerStars Hand #254483951997:  Hold'em No Limit ($0.50/$1.00 USD) - 2025/01/21 14:33:15 WET [2025/01/21 9:33:15 ET]
Table 'Thule IV' 6-max Seat #2 is the button
Seat 1: magzi777 ($100 in chips) 
Seat 2: BGS013 ($102.72 in chips) 
Seat 6: ilian_ivanov88 ($92.06 in chips) 
ilian_ivanov88: posts small blind $0.50
magzi777: posts big blind $1
*** HOLE CARDS ***
BGS013: folds 
ilian_ivanov88: raises $1 to $2
blistein joins the table at seat #4 
magzi777: calls $1
*** FLOP *** [Qc Qh 7h]
ilian_ivanov88: checks 
magzi777: bets $1.90
ilian_ivanov88: folds 
Uncalled bet ($1.90) returned to magzi777
magzi777 collected $3.80 from pot
*** SUMMARY ***
Total pot $4 | Rake $0.20 
Board [Qc Qh 7h]
Seat 1: magzi777 (big blind) collected ($3.80)
Seat 2: BGS013 (button) folded before Flop (didn't bet)
Seat 6: ilian_ivanov88 (small blind) folded on the Flop



PokerStars Hand #254483956622:  Hold'em No Limit ($0.50/$1.00 USD) - 2025/01/21 14:33:41 WET [2025/01/21 9:33:41 ET]
Table 'Thule IV' 6-max Seat #6 is the button
Seat 4: blistein ($103.45 in chips) is sitting out
Seat 1: magzi777 ($101.80 in chips) 
Seat 2: BGS013 ($102.72 in chips) 
Seat 6: ilian_ivanov88 ($90.06 in chips) 
nastja336 joins the table at seat #5 
magzi777: posts small blind $0.50
chinokevin13 joins the table at seat #3 
BGS013: posts big blind $1
blistein: sits out 
*** HOLE CARDS ***
ilian_ivanov88: raises $1.50 to $2.50
magzi777: folds 
BGS013: calls $1.50
*** FLOP *** [Jd 4d 7s]
BGS013: checks 
ilian_ivanov88: bets $2.61
BGS013: calls $2.61
*** TURN *** [Jd 4d 7s] [As]
BGS013: checks 
ilian_ivanov88: checks 
*** RIVER *** [Jd 4d 7s As] [6s]
BGS013: bets $12.93
ilian_ivanov88: folds 
Uncalled bet ($12.93) returned to BGS013
BGS013 collected $10.18 from pot
BGS013: doesn't show hand 
*** SUMMARY ***
Total pot $10.72 | Rake $0.54 
Board [Jd 4d 7s As 6s]
Seat 4: blistein
Seat 1: magzi777 (small blind) folded before Flop
Seat 2: BGS013 (big blind) collected ($10.18)
Seat 6: ilian_ivanov88 (button) folded on the River



PokerStars Hand #254483964961:  Hold'em No Limit ($0.50/$1.00 USD) - 2025/01/21 14:34:26 WET [2025/01/21 9:34:26 ET]
Table 'Thule IV' 6-max Seat #1 is the button
Seat 4: blistein ($103.45 in chips) is sitting out
Seat 5: nastja336 ($103.34 in chips) is sitting out
Seat 1: magzi777 ($101.30 in chips) 
Seat 2: BGS013 ($107.79 in chips) 
Seat 3: chinokevin13 ($100 in chips) 
Seat 6: ilian_ivanov88 ($84.95 in chips) 
BGS013: posts small blind $0.50
chinokevin13: posts big blind $1
blistein: sits out 
nastja336: sits out 
*** HOLE CARDS ***
ilian_ivanov88: folds 
magzi777: folds 
BGS013: raises $2 to $3
chinokevin13: folds 
Uncalled bet ($2) returned to BGS013
BGS013 collected $2 from pot
BGS013: doesn't show hand 
*** SUMMARY ***
Total pot $2 | Rake $0 
Seat 4: blistein
Seat 5: nastja336
Seat 1: magzi777 (button) folded before Flop (didn't bet)
Seat 2: BGS013 (small blind) collected ($2)
Seat 3: chinokevin13 (big blind) folded before Flop
Seat 6: ilian_ivanov88 folded before Flop (didn't bet)



PokerStars Hand #254483969500:  Hold'em No Limit ($0.50/$1.00 USD) - 2025/01/21 14:34:50 WET [2025/01/21 9:34:50 ET]
Table 'Thule IV' 6-max Seat #2 is the button
Seat 5: nastja336 ($103.34 in chips) is sitting out
Seat 1: magzi777 ($101.30 in chips) 
Seat 2: BGS013 ($108.79 in chips) 
Seat 3: chinokevin13 ($100 in chips) 
Seat 4: blistein ($103.45 in chips) 
Seat 6: ilian_ivanov88 ($84.95 in chips) 
chinokevin13: posts small blind $0.50
blistein: posts big blind $1
nastja336: sits out 
*** HOLE CARDS ***
ilian_ivanov88: folds 
magzi777: folds 
BGS013: raises $1.50 to $2.50
chinokevin13: folds 
blistein: folds 
Uncalled bet ($1.50) returned to BGS013
BGS013 collected $2.50 from pot
BGS013: doesn't show hand 
*** SUMMARY ***
Total pot $2.50 | Rake $0 
Seat 5: nastja336
Seat 1: magzi777 folded before Flop (didn't bet)
Seat 2: BGS013 (button) collected ($2.50)
Seat 3: chinokevin13 (small blind) folded before Flop
Seat 4: blistein (big blind) folded before Flop
Seat 6: ilian_ivanov88 folded before Flop (didn't bet)



PokerStars Hand #254483976946:  Hold'em No Limit ($0.50/$1.00 USD) - 2025/01/21 14:35:29 WET [2025/01/21 9:35:29 ET]
Table 'Thule IV' 6-max Seat #3 is the button
Seat 1: magzi777 ($101.30 in chips) 
Seat 2: BGS013 ($110.29 in chips) 
Seat 3: chinokevin13 ($100 in chips) 
Seat 4: blistein ($102.45 in chips) 
Seat 5: nastja336 ($103.34 in chips) 
Seat 6: ilian_ivanov88 ($84.95 in chips) 
blistein: posts small blind $0.50
nastja336: posts big blind $1
*** HOLE CARDS ***
ilian_ivanov88: folds 
magzi777: raises $1.50 to $2.50
BGS013: folds 
chinokevin13: folds 
blistein: folds 
nastja336: folds 
Uncalled bet ($1.50) returned to magzi777
magzi777 collected $2.50 from pot
*** SUMMARY ***
Total pot $2.50 | Rake $0 
Seat 1: magzi777 collected ($2.50)
Seat 2: BGS013 folded before Flop (didn't bet)
Seat 3: chinokevin13 (button) folded before Flop (didn't bet)
Seat 4: blistein (small blind) folded before Flop
Seat 5: nastja336 (big blind) folded before Flop
Seat 6: ilian_ivanov88 folded before Flop (didn't bet)



PokerStars Hand #254483979551:  Hold'em No Limit ($0.50/$1.00 USD) - 2025/01/21 14:35:43 WET [2025/01/21 9:35:43 ET]
Table 'Thule IV' 6-max Seat #4 is the button
Seat 1: magzi777 ($102.80 in chips) 
Seat 2: BGS013 ($110.29 in chips) 
Seat 3: chinokevin13 ($100 in chips) 
Seat 4: blistein ($101.95 in chips) 
Seat 5: nastja336 ($102.34 in chips) 
Seat 6: ilian_ivanov88 ($84.95 in chips) 
nastja336: posts small blind $0.50
ilian_ivanov88: posts big blind $1
*** HOLE CARDS ***
magzi777: raises $1.50 to $2.50
BGS013: folds 
chinokevin13: folds 
blistein: folds 
nastja336: folds 
ilian_ivanov88: folds 
Uncalled bet ($1.50) returned to magzi777
magzi777 collected $2.50 from pot
*** SUMMARY ***
Total pot $2.50 | Rake $0 
Seat 1: magzi777 collected ($2.50)
Seat 2: BGS013 folded before Flop (didn't bet)
Seat 3: chinokevin13 folded before Flop (didn't bet)
Seat 4: blistein (button) folded before Flop (didn't bet)
Seat 5: nastja336 (small blind) folded before Flop
Seat 6: ilian_ivanov88 (big blind) folded before Flop



PokerStars Hand #254483982110:  Hold'em No Limit ($0.50/$1.00 USD) - 2025/01/21 14:35:57 WET [2025/01/21 9:35:57 ET]
Table 'Thule IV' 6-max Seat #5 is the button
Seat 1: magzi777 ($104.30 in chips) 
Seat 2: BGS013 ($110.29 in chips) 
Seat 3: chinokevin13 ($100 in chips) 
Seat 4: blistein ($101.95 in chips) 
Seat 5: nastja336 ($101.84 in chips) 
Seat 6: ilian_ivanov88 ($83.95 in chips) 
ilian_ivanov88: posts small blind $0.50
magzi777: posts big blind $1
*** HOLE CARDS ***
BGS013: raises $1 to $2
chinokevin13: folds 
blistein: folds 
nastja336: raises $5.50 to $7.50
ilian_ivanov88: folds 
magzi777: folds 
BGS013: folds 
Uncalled bet ($5.50) returned to nastja336
nastja336 collected $5.50 from pot
nastja336: doesn't show hand 
*** SUMMARY ***
Total pot $5.50 | Rake $0 
Seat 1: magzi777 (big blind) folded before Flop
Seat 2: BGS013 folded before Flop
Seat 3: chinokevin13 folded before Flop (didn't bet)
Seat 4: blistein folded before Flop (didn't bet)
Seat 5: nastja336 (button) collected ($5.50)
Seat 6: ilian_ivanov88 (small blind) folded before Flop



PokerStars Hand #254483985380:  Hold'em No Limit ($0.50/$1.00 USD) - 2025/01/21 14:36:14 WET [2025/01/21 9:36:14 ET]
Table 'Thule IV' 6-max Seat #6 is the button
Seat 1: magzi777 ($103.30 in chips) 
Seat 2: BGS013 ($108.29 in chips) 
Seat 3: chinokevin13 ($100 in chips) 
Seat 4: blistein ($101.95 in chips) 
Seat 5: nastja336 ($105.34 in chips) 
Seat 6: ilian_ivanov88 ($83.45 in chips) 
magzi777: posts small blind $0.50
BGS013: posts big blind $1
*** HOLE CARDS ***
chinokevin13: folds 
blistein: folds 
nastja336: folds 
ilian_ivanov88: folds 
magzi777: folds 
Uncalled bet ($0.50) returned to BGS013
BGS013 collected $1 from pot
BGS013: doesn't show hand 
*** SUMMARY ***
Total pot $1 | Rake $0 
Seat 1: magzi777 (small blind) folded before Flop
Seat 2: BGS013 (big blind) collected ($1)
Seat 3: chinokevin13 folded before Flop (didn't bet)
Seat 4: blistein folded before Flop (didn't bet)
Seat 5: nastja336 folded before Flop (didn't bet)
Seat 6: ilian_ivanov88 (button) folded before Flop (didn't bet)



PokerStars Hand #254483987370:  Hold'em No Limit ($0.50/$1.00 USD) - 2025/01/21 14:36:25 WET [2025/01/21 9:36:25 ET]
Table 'Thule IV' 6-max Seat #1 is the button
Seat 1: magzi777 ($102.80 in chips) 
Seat 2: BGS013 ($108.79 in chips) 
Seat 3: chinokevin13 ($100 in chips) 
Seat 4: blistein ($101.95 in chips) 
Seat 5: nastja336 ($105.34 in chips) 
Seat 6: ilian_ivanov88 ($83.45 in chips) 
BGS013: posts small blind $0.50
chinokevin13: posts big blind $1
*** HOLE CARDS ***
blistein: folds 
nastja336: folds 
ilian_ivanov88: folds 
magzi777: folds 
BGS013: raises $2 to $3
blistein leaves the table
chinokevin13: folds 
Uncalled bet ($2) returned to BGS013
BGS013 collected $2 from pot
BGS013: doesn't show hand 
*** SUMMARY ***
Total pot $2 | Rake $0 
Seat 1: magzi777 (button) folded before Flop (didn't bet)
Seat 2: BGS013 (small blind) collected ($2)
Seat 3: chinokevin13 (big blind) folded before Flop
Seat 4: blistein folded before Flop (didn't bet)
Seat 5: nastja336 folded before Flop (didn't bet)
Seat 6: ilian_ivanov88 folded before Flop (didn't bet)



PokerStars Hand #254483991967:  Hold'em No Limit ($0.50/$1.00 USD) - 2025/01/21 14:36:50 WET [2025/01/21 9:36:50 ET]
Table 'Thule IV' 6-max Seat #2 is the button
Seat 5: nastja336 ($105.34 in chips) is sitting out
Seat 1: magzi777 ($102.80 in chips) 
Seat 2: BGS013 ($109.79 in chips) 
Seat 3: chinokevin13 ($100 in chips) 
Seat 6: ilian_ivanov88 ($83.45 in chips) 
chinokevin13: posts small blind $0.50
nastja336: is sitting out 
ilian_ivanov88: posts big blind $1
*** HOLE CARDS ***
nastja336 leaves the table
magzi777: folds 
BGS013: folds 
chinokevin13: raises $2 to $3
ilian_ivanov88: folds 
Uncalled bet ($2) returned to chinokevin13
chinokevin13 collected $2 from pot
chinokevin13: doesn't show hand 
*** SUMMARY ***
Total pot $2 | Rake $0 
Seat 5: nastja336
Seat 1: magzi777 folded before Flop (didn't bet)
Seat 2: BGS013 (button) folded before Flop (didn't bet)
Seat 3: chinokevin13 (small blind) collected ($2)
Seat 6: ilian_ivanov88 (big blind) folded before Flop



PokerStars Hand #254483994677:  Hold'em No Limit ($0.50/$1.00 USD) - 2025/01/21 14:37:05 WET [2025/01/21 9:37:05 ET]
Table 'Thule IV' 6-max Seat #3 is the button
Seat 1: magzi777 ($102.80 in chips) 
Seat 2: BGS013 ($109.79 in chips) 
Seat 3: chinokevin13 ($101 in chips) 
Seat 6: ilian_ivanov88 ($82.45 in chips) 
ilian_ivanov88: posts small blind $0.50
magzi777: posts big blind $1
*** HOLE CARDS ***
BGS013: raises $1.50 to $2.50
chinokevin13: folds 
ilian_ivanov88: folds 
magzi777: folds 
Uncalled bet ($1.50) returned to BGS013
BGS013 collected $2.50 from pot
BGS013: doesn't show hand 
*** SUMMARY ***
Total pot $2.50 | Rake $0 
Seat 1: magzi777 (big blind) folded before Flop
Seat 2: BGS013 collected ($2.50)
Seat 3: chinokevin13 (button) folded before Flop (didn't bet)
Seat 6: ilian_ivanov88 (small blind) folded before Flop



PokerStars Hand #254483998810:  Hold'em No Limit ($0.50/$1.00 USD) - 2025/01/21 14:37:27 WET [2025/01/21 9:37:27 ET]
Table 'Thule IV' 6-max Seat #6 is the button
Seat 1: magzi777 ($101.80 in chips) 
Seat 2: BGS013 ($111.29 in chips) 
Seat 3: chinokevin13 ($101 in chips) 
Seat 6: ilian_ivanov88 ($81.95 in chips) 
magzi777: posts small blind $0.50
BGS013: posts big blind $1
*** HOLE CARDS ***
AlexEliseev7 joins the table at seat #5 
chinokevin13: folds 
ilian_ivanov88: folds 
magzi777: raises $2 to $3
BGS013: calls $2
*** FLOP *** [3h 6c Ks]
magzi777: bets $2.85
BGS013: calls $2.85
*** TURN *** [3h 6c Ks] [Js]
magzi777: bets $13.90
*KaRaLLo_00 joins the table at seat #4 
BGS013: calls $13.90
*** RIVER *** [3h 6c Ks Js] [3c]
magzi777: bets $48.13
BGS013: raises $43.41 to $91.54 and is all-in
magzi777: calls $33.92 and is all-in
Uncalled bet ($9.49) returned to BGS013
*** SHOW DOWN ***
BGS013: shows [3s 4s] (three of a kind, Threes)
magzi777: shows [Jc Jh] (a full house, Jacks full of Threes)
magzi777 collected $202.60 from pot
*** SUMMARY ***
Total pot $203.60 | Rake $1 
Board [3h 6c Ks Js 3c]
Seat 1: magzi777 (small blind) showed [Jc Jh] and won ($202.60) with a full house, Jacks full of Threes
Seat 2: BGS013 (big blind) showed [3s 4s] and lost with three of a kind, Threes
Seat 3: chinokevin13 folded before Flop (didn't bet)
Seat 6: ilian_ivanov88 (button) folded before Flop (didn't bet)



PokerStars Hand #254484019613:  Hold'em No Limit ($0.50/$1.00 USD) - 2025/01/21 14:39:18 WET [2025/01/21 9:39:18 ET]
Table 'Thule IV' 6-max Seat #1 is the button
Seat 4: *KaRaLLo_00 ($100 in chips) is sitting out
Seat 5: AlexEliseev7 ($100 in chips) is sitting out
Seat 1: magzi777 ($202.60 in chips) 
Seat 2: BGS013 ($100 in chips) 
Seat 3: chinokevin13 ($101 in chips) 
Seat 6: ilian_ivanov88 ($81.95 in chips) 
BGS013: posts small blind $0.50
chinokevin13: posts big blind $1
*KaRaLLo_00: sits out 
AlexEliseev7: sits out 
*** HOLE CARDS ***
ilian_ivanov88: folds 
magzi777: folds 
BGS013: folds 
Uncalled bet ($0.50) returned to chinokevin13
chinokevin13 collected $1 from pot
chinokevin13: doesn't show hand 
*** SUMMARY ***
Total pot $1 | Rake $0 
Seat 4: *KaRaLLo_00
Seat 5: AlexEliseev7
Seat 1: magzi777 (button) folded before Flop (didn't bet)
Seat 2: BGS013 (small blind) folded before Flop
Seat 3: chinokevin13 (big blind) collected ($1)
Seat 6: ilian_ivanov88 folded before Flop (didn't bet)



PokerStars Hand #254484021773:  Hold'em No Limit ($0.50/$1.00 USD) - 2025/01/21 14:39:30 WET [2025/01/21 9:39:30 ET]
Table 'Thule IV' 6-max Seat #2 is the button
Seat 5: AlexEliseev7 ($100 in chips) is sitting out
Seat 1: magzi777 ($202.60 in chips) 
Seat 2: BGS013 ($100 in chips) 
Seat 3: chinokevin13 ($101.50 in chips) 
Seat 4: *KaRaLLo_00 ($100 in chips) 
Seat 6: ilian_ivanov88 ($81.95 in chips) 
chinokevin13: posts small blind $0.50
*KaRaLLo_00: posts big blind $1
AlexEliseev7: sits out 
*** HOLE CARDS ***
ilian_ivanov88: raises $1.50 to $2.50
magzi777: folds 
BGS013: calls $2.50
chinokevin13: folds 
*KaRaLLo_00: folds 
*** FLOP *** [Kh 6s Td]
ilian_ivanov88: checks 
BGS013: bets $1.61
ilian_ivanov88: calls $1.61
*** TURN *** [Kh 6s Td] [Js]
ilian_ivanov88: checks 
BGS013: bets $7.20
ilian_ivanov88: folds 
Uncalled bet ($7.20) returned to BGS013
BGS013 collected $9.23 from pot
BGS013: doesn't show hand 
*** SUMMARY ***
Total pot $9.72 | Rake $0.49 
Board [Kh 6s Td Js]
Seat 5: AlexEliseev7
Seat 1: magzi777 folded before Flop (didn't bet)
Seat 2: BGS013 (button) collected ($9.23)
Seat 3: chinokevin13 (small blind) folded before Flop
Seat 4: *KaRaLLo_00 (big blind) folded before Flop
Seat 6: ilian_ivanov88 folded on the Turn



PokerStars Hand #254484031561:  Hold'em No Limit ($0.50/$1.00 USD) - 2025/01/21 14:40:22 WET [2025/01/21 9:40:22 ET]
Table 'Thule IV' 6-max Seat #3 is the button
Seat 1: magzi777 ($202.60 in chips) 
Seat 2: BGS013 ($105.12 in chips) 
Seat 3: chinokevin13 ($101 in chips) 
Seat 4: *KaRaLLo_00 ($100 in chips) 
Seat 5: AlexEliseev7 ($100 in chips) 
Seat 6: ilian_ivanov88 ($77.84 in chips) 
*KaRaLLo_00: posts small blind $0.50
AlexEliseev7: posts big blind $1
*** HOLE CARDS ***
ilian_ivanov88: folds 
magzi777: raises $1.50 to $2.50
BGS013 has timed out
BGS013: folds 
chinokevin13: folds 
*KaRaLLo_00: folds 
AlexEliseev7: calls $1.50
*** FLOP *** [6c Th Jc]
AlexEliseev7: checks 
magzi777: bets $5.22
AlexEliseev7: raises $12.21 to $17.43
magzi777: calls $12.21
*** TURN *** [6c Th Jc] [7s]
AlexEliseev7: bets $29.91
magzi777: folds 
Uncalled bet ($29.91) returned to AlexEliseev7
AlexEliseev7 collected $38.34 from pot
AlexEliseev7: doesn't show hand 
*** SUMMARY ***
Total pot $40.36 | Rake $2.02 
Board [6c Th Jc 7s]
Seat 1: magzi777 folded on the Turn
Seat 2: BGS013 folded before Flop (didn't bet)
Seat 3: chinokevin13 (button) folded before Flop (didn't bet)
Seat 4: *KaRaLLo_00 (small blind) folded before Flop
Seat 5: AlexEliseev7 (big blind) collected ($38.34)
Seat 6: ilian_ivanov88 folded before Flop (didn't bet)



PokerStars Hand #254484055608:  Hold'em No Limit ($0.50/$1.00 USD) - 2025/01/21 14:42:30 WET [2025/01/21 9:42:30 ET]
Table 'Thule IV' 6-max Seat #4 is the button
Seat 1: magzi777 ($182.67 in chips) 
Seat 2: BGS013 ($105.12 in chips) 
Seat 3: chinokevin13 ($101 in chips) 
Seat 4: *KaRaLLo_00 ($100 in chips) 
Seat 5: AlexEliseev7 ($118.41 in chips) 
Seat 6: ilian_ivanov88 ($77.84 in chips) 
AlexEliseev7: posts small blind $0.50
ilian_ivanov88: posts big blind $1
*** HOLE CARDS ***
magzi777: raises $1.50 to $2.50
BGS013: folds 
chinokevin13: raises $5.50 to $8
*KaRaLLo_00: folds 
AlexEliseev7: folds 
ilian_ivanov88: folds 
magzi777: raises $14 to $22
chinokevin13: calls $14
*** FLOP *** [8d 5h Qs]
magzi777: checks 
chinokevin13: checks 
*** TURN *** [8d 5h Qs] [4c]
magzi777: checks 
chinokevin13: bets $14.26
magzi777: folds 
Uncalled bet ($14.26) returned to chinokevin13
chinokevin13 collected $43.22 from pot
chinokevin13: doesn't show hand 
*** SUMMARY ***
Total pot $45.50 | Rake $2.28 
Board [8d 5h Qs 4c]
Seat 1: magzi777 folded on the Turn
Seat 2: BGS013 folded before Flop (didn't bet)
Seat 3: chinokevin13 collected ($43.22)
Seat 4: *KaRaLLo_00 (button) folded before Flop (didn't bet)
Seat 5: AlexEliseev7 (small blind) folded before Flop
Seat 6: ilian_ivanov88 (big blind) folded before Flop



PokerStars Hand #254484073748:  Hold'em No Limit ($0.50/$1.00 USD) - 2025/01/21 14:44:07 WET [2025/01/21 9:44:07 ET]
Table 'Thule IV' 6-max Seat #5 is the button
Seat 1: magzi777 ($160.67 in chips) 
Seat 2: BGS013 ($105.12 in chips) 
Seat 3: chinokevin13 ($122.22 in chips) 
Seat 4: *KaRaLLo_00 ($100 in chips) 
Seat 5: AlexEliseev7 ($117.91 in chips) 
Seat 6: ilian_ivanov88 ($76.84 in chips) 
ilian_ivanov88: posts small blind $0.50
magzi777: posts big blind $1
*** HOLE CARDS ***
BGS013: folds 
chinokevin13: folds 
*KaRaLLo_00: folds 
AlexEliseev7: folds 
ilian_ivanov88: raises $1.50 to $2.50
magzi777: folds 
Uncalled bet ($1.50) returned to ilian_ivanov88
ilian_ivanov88 collected $2 from pot
*** SUMMARY ***
Total pot $2 | Rake $0 
Seat 1: magzi777 (big blind) folded before Flop
Seat 2: BGS013 folded before Flop (didn't bet)
Seat 3: chinokevin13 folded before Flop (didn't bet)
Seat 4: *KaRaLLo_00 folded before Flop (didn't bet)
Seat 5: AlexEliseev7 (button) folded before Flop (didn't bet)
Seat 6: ilian_ivanov88 (small blind) collected ($2)



PokerStars Hand #254484076905:  Hold'em No Limit ($0.50/$1.00 USD) - 2025/01/21 14:44:24 WET [2025/01/21 9:44:24 ET]
Table 'Thule IV' 6-max Seat #6 is the button
Seat 1: magzi777 ($159.67 in chips) 
Seat 2: BGS013 ($105.12 in chips) 
Seat 3: chinokevin13 ($122.22 in chips) 
Seat 4: *KaRaLLo_00 ($100 in chips) 
Seat 5: AlexEliseev7 ($117.91 in chips) 
Seat 6: ilian_ivanov88 ($77.84 in chips) 
magzi777: posts small blind $0.50
BGS013: posts big blind $1
*** HOLE CARDS ***
chinokevin13: folds 
*KaRaLLo_00: folds 
AlexEliseev7: folds 
ilian_ivanov88: folds 
magzi777: raises $2 to $3
BGS013: folds 
Uncalled bet ($2) returned to magzi777
magzi777 collected $2 from pot
*** SUMMARY ***
Total pot $2 | Rake $0 
Seat 1: magzi777 (small blind) collected ($2)
Seat 2: BGS013 (big blind) folded before Flop
Seat 3: chinokevin13 folded before Flop (didn't bet)
Seat 4: *KaRaLLo_00 folded before Flop (didn't bet)
Seat 5: AlexEliseev7 folded before Flop (didn't bet)
Seat 6: ilian_ivanov88 (button) folded before Flop (didn't bet)



PokerStars Hand #254484079759:  Hold'em No Limit ($0.50/$1.00 USD) - 2025/01/21 14:44:39 WET [2025/01/21 9:44:39 ET]
Table 'Thule IV' 6-max Seat #1 is the button
Seat 1: magzi777 ($160.67 in chips) 
Seat 2: BGS013 ($104.12 in chips) 
Seat 3: chinokevin13 ($122.22 in chips) 
Seat 4: *KaRaLLo_00 ($100 in chips) 
Seat 5: AlexEliseev7 ($117.91 in chips) 
Seat 6: ilian_ivanov88 ($77.84 in chips) 
BGS013: posts small blind $0.50
chinokevin13: posts big blind $1
*** HOLE CARDS ***
*KaRaLLo_00: raises $1 to $2
AlexEliseev7: raises $5 to $7
ilian_ivanov88: folds 
magzi777: folds 
BGS013: folds 
chinokevin13: folds 
*KaRaLLo_00: folds 
Uncalled bet ($5) returned to AlexEliseev7
AlexEliseev7 collected $5.50 from pot
AlexEliseev7: doesn't show hand 
*** SUMMARY ***
Total pot $5.50 | Rake $0 
Seat 1: magzi777 (button) folded before Flop (didn't bet)
Seat 2: BGS013 (small blind) folded before Flop
Seat 3: chinokevin13 (big blind) folded before Flop
Seat 4: *KaRaLLo_00 folded before Flop
Seat 5: AlexEliseev7 collected ($5.50)
Seat 6: ilian_ivanov88 folded before Flop (didn't bet)



PokerStars Hand #254484083614:  Hold'em No Limit ($0.50/$1.00 USD) - 2025/01/21 14:44:59 WET [2025/01/21 9:44:59 ET]
Table 'Thule IV' 6-max Seat #2 is the button
Seat 4: *KaRaLLo_00 ($100 in chips) is sitting out
Seat 1: magzi777 ($160.67 in chips) 
Seat 2: BGS013 ($103.62 in chips) 
Seat 3: chinokevin13 ($121.22 in chips) 
Seat 5: AlexEliseev7 ($121.41 in chips) 
Seat 6: ilian_ivanov88 ($77.84 in chips) 
chinokevin13: posts small blind $0.50
*KaRaLLo_00: is sitting out 
AlexEliseev7: posts big blind $1
*** HOLE CARDS ***
ilian_ivanov88: folds 
magzi777: folds 
BGS013: raises $1.50 to $2.50
chinokevin13: folds 
AlexEliseev7: folds 
Uncalled bet ($1.50) returned to BGS013
BGS013 collected $2.50 from pot
BGS013: doesn't show hand 
*** SUMMARY ***
Total pot $2.50 | Rake $0 
Seat 4: *KaRaLLo_00
Seat 1: magzi777 folded before Flop (didn't bet)
Seat 2: BGS013 (button) collected ($2.50)
Seat 3: chinokevin13 (small blind) folded before Flop
Seat 5: AlexEliseev7 (big blind) folded before Flop
Seat 6: ilian_ivanov88 folded before Flop (didn't bet)



PokerStars Hand #254484087294:  Hold'em No Limit ($0.50/$1.00 USD) - 2025/01/21 14:45:18 WET [2025/01/21 9:45:18 ET]
Table 'Thule IV' 6-max Seat #3 is the button
Seat 4: *KaRaLLo_00 ($100 in chips) is sitting out
Seat 1: magzi777 ($160.67 in chips) 
Seat 2: BGS013 ($105.12 in chips) 
Seat 3: chinokevin13 ($120.72 in chips) 
Seat 5: AlexEliseev7 ($120.41 in chips) 
Seat 6: ilian_ivanov88 ($77.84 in chips) 
AlexEliseev7: posts small blind $0.50
ilian_ivanov88: posts big blind $1
*** HOLE CARDS ***
magzi777: folds 
BGS013: folds 
*KaRaLLo_00 leaves the table
chinokevin13: folds 
AlexEliseev7: folds 
Uncalled bet ($0.50) returned to ilian_ivanov88
ilian_ivanov88 collected $1 from pot
*** SUMMARY ***
Total pot $1 | Rake $0 
Seat 4: *KaRaLLo_00
Seat 1: magzi777 folded before Flop (didn't bet)
Seat 2: BGS013 folded before Flop (didn't bet)
Seat 3: chinokevin13 (button) folded before Flop (didn't bet)
Seat 5: AlexEliseev7 (small blind) folded before Flop
Seat 6: ilian_ivanov88 (big blind) collected ($1)



PokerStars Hand #254484090461:  Hold'em No Limit ($0.50/$1.00 USD) - 2025/01/21 14:45:35 WET [2025/01/21 9:45:35 ET]
Table 'Thule IV' 6-max Seat #5 is the button
Seat 1: magzi777 ($160.67 in chips) 
Seat 2: BGS013 ($105.12 in chips) 
Seat 3: chinokevin13 ($120.72 in chips) 
Seat 5: AlexEliseev7 ($119.91 in chips) 
Seat 6: ilian_ivanov88 ($78.34 in chips) 
ilian_ivanov88: posts small blind $0.50
magzi777: posts big blind $1
*** HOLE CARDS ***
BGS013: raises $1 to $2
chinokevin13: raises $5 to $7
AlexEliseev7: folds 
ilian_ivanov88: folds 
magzi777: folds 
BGS013: raises $12.50 to $19.50
chinokevin13: folds 
Uncalled bet ($12.50) returned to BGS013
BGS013 collected $15.50 from pot
BGS013: doesn't show hand 
*** SUMMARY ***
Total pot $15.50 | Rake $0 
Seat 1: magzi777 (big blind) folded before Flop
Seat 2: BGS013 collected ($15.50)
Seat 3: chinokevin13 folded before Flop
Seat 5: AlexEliseev7 (button) folded before Flop (didn't bet)
Seat 6: ilian_ivanov88 (small blind) folded before Flop



PokerStars Hand #254484096054:  Hold'em No Limit ($0.50/$1.00 USD) - 2025/01/21 14:46:04 WET [2025/01/21 9:46:04 ET]
Table 'Thule IV' 6-max Seat #6 is the button
Seat 1: magzi777 ($159.67 in chips) 
Seat 2: BGS013 ($113.62 in chips) 
Seat 3: chinokevin13 ($113.72 in chips) 
Seat 5: AlexEliseev7 ($119.91 in chips) 
Seat 6: ilian_ivanov88 ($77.84 in chips) 
camilinho UC joins the table at seat #4 
magzi777: posts small blind $0.50
BGS013: posts big blind $1
*** HOLE CARDS ***
chinokevin13: folds 
AlexEliseev7: folds 
ilian_ivanov88: folds 
magzi777: folds 
Uncalled bet ($0.50) returned to BGS013
BGS013 collected $1 from pot
BGS013: doesn't show hand 
*** SUMMARY ***
Total pot $1 | Rake $0 
Seat 1: magzi777 (small blind) folded before Flop
Seat 2: BGS013 (big blind) collected ($1)
Seat 3: chinokevin13 folded before Flop (didn't bet)
Seat 5: AlexEliseev7 folded before Flop (didn't bet)
Seat 6: ilian_ivanov88 (button) folded before Flop (didn't bet)



PokerStars Hand #254484098700:  Hold'em No Limit ($0.50/$1.00 USD) - 2025/01/21 14:46:18 WET [2025/01/21 9:46:18 ET]
Table 'Thule IV' 6-max Seat #1 is the button
Seat 4: camilinho UC ($20 in chips) is sitting out
Seat 1: magzi777 ($159.17 in chips) 
Seat 2: BGS013 ($114.12 in chips) 
Seat 3: chinokevin13 ($113.72 in chips) 
Seat 5: AlexEliseev7 ($119.91 in chips) 
Seat 6: ilian_ivanov88 ($77.84 in chips) 
BGS013: posts small blind $0.50
chinokevin13: posts big blind $1
camilinho UC: sits out 
*** HOLE CARDS ***
AlexEliseev7: folds 
ilian_ivanov88: raises $2 to $3
magzi777: folds 
BGS013: folds 
chinokevin13: folds 
Uncalled bet ($2) returned to ilian_ivanov88
ilian_ivanov88 collected $2.50 from pot
*** SUMMARY ***
Total pot $2.50 | Rake $0 
Seat 4: camilinho UC
Seat 1: magzi777 (button) folded before Flop (didn't bet)
Seat 2: BGS013 (small blind) folded before Flop
Seat 3: chinokevin13 (big blind) folded before Flop
Seat 5: AlexEliseev7 folded before Flop (didn't bet)
Seat 6: ilian_ivanov88 collected ($2.50)



PokerStars Hand #254484103284:  Hold'em No Limit ($0.50/$1.00 USD) - 2025/01/21 14:46:43 WET [2025/01/21 9:46:43 ET]
Table 'Thule IV' 6-max Seat #2 is the button
Seat 1: magzi777 ($159.17 in chips) 
Seat 2: BGS013 ($113.62 in chips) 
Seat 3: chinokevin13 ($112.72 in chips) 
Seat 4: camilinho UC ($20 in chips) 
Seat 5: AlexEliseev7 ($119.91 in chips) 
Seat 6: ilian_ivanov88 ($79.34 in chips) 
chinokevin13: posts small blind $0.50
camilinho UC: posts big blind $1
*** HOLE CARDS ***
AlexEliseev7: folds 
ilian_ivanov88: folds 
magzi777: raises $1.50 to $2.50
BGS013: folds 
chinokevin13: folds 
camilinho UC: folds 
Uncalled bet ($1.50) returned to magzi777
magzi777 collected $2.50 from pot
*** SUMMARY ***
Total pot $2.50 | Rake $0 
Seat 1: magzi777 collected ($2.50)
Seat 2: BGS013 (button) folded before Flop (didn't bet)
Seat 3: chinokevin13 (small blind) folded before Flop
Seat 4: camilinho UC (big blind) folded before Flop
Seat 5: AlexEliseev7 folded before Flop (didn't bet)
Seat 6: ilian_ivanov88 folded before Flop (didn't bet)



PokerStars Hand #254484107809:  Hold'em No Limit ($0.50/$1.00 USD) - 2025/01/21 14:47:06 WET [2025/01/21 9:47:06 ET]
Table 'Thule IV' 6-max Seat #3 is the button
Seat 1: magzi777 ($160.67 in chips) 
Seat 2: BGS013 ($113.62 in chips) 
Seat 3: chinokevin13 ($112.22 in chips) 
Seat 4: camilinho UC ($19 in chips) 
Seat 5: AlexEliseev7 ($119.91 in chips) 
Seat 6: ilian_ivanov88 ($79.34 in chips) 
camilinho UC: posts small blind $0.50
AlexEliseev7: posts big blind $1
*** HOLE CARDS ***
ilian_ivanov88: folds 
magzi777: folds 
BGS013: folds 
chinokevin13: raises $1.50 to $2.50
camilinho UC: calls $2
AlexEliseev7: raises $11.50 to $14
chinokevin13: folds 
camilinho UC: folds 
Uncalled bet ($11.50) returned to AlexEliseev7
AlexEliseev7 collected $7.50 from pot
AlexEliseev7: doesn't show hand 
*** SUMMARY ***
Total pot $7.50 | Rake $0 
Seat 1: magzi777 folded before Flop (didn't bet)
Seat 2: BGS013 folded before Flop (didn't bet)
Seat 3: chinokevin13 (button) folded before Flop
Seat 4: camilinho UC (small blind) folded before Flop
Seat 5: AlexEliseev7 (big blind) collected ($7.50)
Seat 6: ilian_ivanov88 folded before Flop (didn't bet)



PokerStars Hand #254484118872:  Hold'em No Limit ($0.50/$1.00 USD) - 2025/01/21 14:48:05 WET [2025/01/21 9:48:05 ET]
Table 'Thule IV' 6-max Seat #4 is the button
Seat 1: magzi777 ($160.67 in chips) 
Seat 2: BGS013 ($113.62 in chips) 
Seat 3: chinokevin13 ($109.72 in chips) 
Seat 4: camilinho UC ($16.50 in chips) 
Seat 5: AlexEliseev7 ($124.91 in chips) 
Seat 6: ilian_ivanov88 ($79.34 in chips) 
AlexEliseev7: posts small blind $0.50
ilian_ivanov88: posts big blind $1
*** HOLE CARDS ***
magzi777: folds 
BGS013: folds 
chinokevin13: folds 
camilinho UC: raises $15.50 to $16.50 and is all-in
AlexEliseev7: folds 
ilian_ivanov88: calls $15.50
*** FLOP *** [4s Js Jd]
*** TURN *** [4s Js Jd] [5c]
*** RIVER *** [4s Js Jd 5c] [2c]
*** SHOW DOWN ***
ilian_ivanov88: shows [Ad Qs] (a pair of Jacks)
camilinho UC: shows [As Ts] (a pair of Jacks - lower kicker)
ilian_ivanov88 collected $31.82 from pot
*** SUMMARY ***
Total pot $33.50 | Rake $1.68 
Board [4s Js Jd 5c 2c]
Seat 1: magzi777 folded before Flop (didn't bet)
Seat 2: BGS013 folded before Flop (didn't bet)
Seat 3: chinokevin13 folded before Flop (didn't bet)
Seat 4: camilinho UC (button) showed [As Ts] and lost with a pair of Jacks
Seat 5: AlexEliseev7 (small blind) folded before Flop
Seat 6: ilian_ivanov88 (big blind) showed [Ad Qs] and won ($31.82) with a pair of Jacks



PokerStars Hand #254484123436:  Hold'em No Limit ($0.50/$1.00 USD) - 2025/01/21 14:48:29 WET [2025/01/21 9:48:29 ET]
Table 'Thule IV' 6-max Seat #5 is the button
Seat 1: magzi777 ($160.67 in chips) 
Seat 2: BGS013 ($113.62 in chips) 
Seat 3: chinokevin13 ($109.72 in chips) 
Seat 5: AlexEliseev7 ($124.41 in chips) 
Seat 6: ilian_ivanov88 ($94.66 in chips) 
ilian_ivanov88: posts small blind $0.50
magzi777: posts big blind $1
*** HOLE CARDS ***
BGS013: raises $1 to $2
chinokevin13: folds 
franco232315 joins the table at seat #4 
AlexEliseev7: raises $5.50 to $7.50
ilian_ivanov88: folds 
magzi777: folds 
BGS013: raises $13.50 to $21
AlexEliseev7: folds 
Uncalled bet ($13.50) returned to BGS013
BGS013 collected $16.50 from pot
BGS013: doesn't show hand 
*** SUMMARY ***
Total pot $16.50 | Rake $0 
Seat 1: magzi777 (big blind) folded before Flop
Seat 2: BGS013 collected ($16.50)
Seat 3: chinokevin13 folded before Flop (didn't bet)
Seat 5: AlexEliseev7 (button) folded before Flop
Seat 6: ilian_ivanov88 (small blind) folded before Flop



PokerStars Hand #254484129559:  Hold'em No Limit ($0.50/$1.00 USD) - 2025/01/21 14:49:02 WET [2025/01/21 9:49:02 ET]
Table 'Thule IV' 6-max Seat #6 is the button
Seat 4: franco232315 ($100 in chips) is sitting out
Seat 1: magzi777 ($159.67 in chips) 
Seat 2: BGS013 ($122.62 in chips) 
Seat 3: chinokevin13 ($109.72 in chips) 
Seat 5: AlexEliseev7 ($116.91 in chips) 
Seat 6: ilian_ivanov88 ($94.16 in chips) 
magzi777: posts small blind $0.50
BGS013: posts big blind $1
franco232315: sits out 
*** HOLE CARDS ***
chinokevin13: raises $1.20 to $2.20
AlexEliseev7: folds 
ilian_ivanov88: calls $2.20
magzi777: folds 
BGS013: calls $1.20
*** FLOP *** [Ah 2c 7c]
BGS013: checks 
chinokevin13: bets $2.22
ilian_ivanov88: calls $2.22
BGS013: calls $2.22
*** TURN *** [Ah 2c 7c] [Jc]
BGS013: checks 
chinokevin13: checks 
ilian_ivanov88: checks 
*** RIVER *** [Ah 2c 7c Jc] [3c]
BGS013: checks 
chinokevin13: bets $9.80
ilian_ivanov88: folds 
BGS013: folds 
Uncalled bet ($9.80) returned to chinokevin13
chinokevin13 collected $13.07 from pot
chinokevin13: doesn't show hand 
*** SUMMARY ***
Total pot $13.76 | Rake $0.69 
Board [Ah 2c 7c Jc 3c]
Seat 4: franco232315
Seat 1: magzi777 (small blind) folded before Flop
Seat 2: BGS013 (big blind) folded on the River
Seat 3: chinokevin13 collected ($13.07)
Seat 5: AlexEliseev7 folded before Flop (didn't bet)
Seat 6: ilian_ivanov88 (button) folded on the River



PokerStars Hand #254484146172:  Hold'em No Limit ($0.50/$1.00 USD) - 2025/01/21 14:50:30 WET [2025/01/21 9:50:30 ET]
Table 'Thule IV' 6-max Seat #1 is the button
Seat 4: franco232315 ($100 in chips) is sitting out
Seat 1: magzi777 ($159.17 in chips) 
Seat 2: BGS013 ($118.20 in chips) 
Seat 3: chinokevin13 ($118.37 in chips) 
Seat 5: AlexEliseev7 ($116.91 in chips) 
Seat 6: ilian_ivanov88 ($89.74 in chips) 
BGS013: posts small blind $0.50
chinokevin13: posts big blind $1
franco232315: sits out 
*** HOLE CARDS ***
AlexEliseev7: folds 
ilian_ivanov88: folds 
magzi777: folds 
BGS013: folds 
Uncalled bet ($0.50) returned to chinokevin13
chinokevin13 collected $1 from pot
chinokevin13: doesn't show hand 
*** SUMMARY ***
Total pot $1 | Rake $0 
Seat 4: franco232315
Seat 1: magzi777 (button) folded before Flop (didn't bet)
Seat 2: BGS013 (small blind) folded before Flop
Seat 3: chinokevin13 (big blind) collected ($1)
Seat 5: AlexEliseev7 folded before Flop (didn't bet)
Seat 6: ilian_ivanov88 folded before Flop (didn't bet)



PokerStars Hand #254484148038:  Hold'em No Limit ($0.50/$1.00 USD) - 2025/01/21 14:50:40 WET [2025/01/21 9:50:40 ET]
Table 'Thule IV' 6-max Seat #2 is the button
Seat 1: magzi777 ($159.17 in chips) 
Seat 2: BGS013 ($117.70 in chips) 
Seat 3: chinokevin13 ($118.87 in chips) 
Seat 4: franco232315 ($100 in chips) 
Seat 5: AlexEliseev7 ($116.91 in chips) 
Seat 6: ilian_ivanov88 ($89.74 in chips) 
chinokevin13: posts small blind $0.50
franco232315: posts big blind $1
*** HOLE CARDS ***
AlexEliseev7: folds 
ilian_ivanov88: folds 
magzi777: folds 
BGS013: folds 
chinokevin13: raises $2 to $3
franco232315: folds 
Uncalled bet ($2) returned to chinokevin13
chinokevin13 collected $2 from pot
chinokevin13: doesn't show hand 
*** SUMMARY ***
Total pot $2 | Rake $0 
Seat 1: magzi777 folded before Flop (didn't bet)
Seat 2: BGS013 (button) folded before Flop (didn't bet)
Seat 3: chinokevin13 (small blind) collected ($2)
Seat 4: franco232315 (big blind) folded before Flop
Seat 5: AlexEliseev7 folded before Flop (didn't bet)
Seat 6: ilian_ivanov88 folded before Flop (didn't bet)



PokerStars Hand #254484151928:  Hold'em No Limit ($0.50/$1.00 USD) - 2025/01/21 14:51:01 WET [2025/01/21 9:51:01 ET]
Table 'Thule IV' 6-max Seat #3 is the button
Seat 1: magzi777 ($159.17 in chips) 
Seat 2: BGS013 ($117.70 in chips) 
Seat 3: chinokevin13 ($119.87 in chips) 
Seat 4: franco232315 ($100 in chips) 
Seat 5: AlexEliseev7 ($116.91 in chips) 
Seat 6: ilian_ivanov88 ($89.74 in chips) 
franco232315: posts small blind $0.50
AlexEliseev7: posts big blind $1
*** HOLE CARDS ***
ilian_ivanov88: folds 
magzi777: folds 
BGS013: raises $1.50 to $2.50
chinokevin13: folds 
franco232315: folds 
AlexEliseev7: calls $1.50
*** FLOP *** [3s 2h 4h]
AlexEliseev7: bets $1.72
BGS013: calls $1.72
*** TURN *** [3s 2h 4h] [9c]
AlexEliseev7: bets $12.82
BGS013: calls $12.82
*** RIVER *** [3s 2h 4h 9c] [Js]
AlexEliseev7: bets $49.60
BGS013: calls $49.60
*** SHOW DOWN ***
AlexEliseev7: shows [9s 9d] (three of a kind, Nines)
BGS013: mucks hand 
AlexEliseev7 collected $131.28 from pot
*** SUMMARY ***
Total pot $133.78 | Rake $2.50 
Board [3s 2h 4h 9c Js]
Seat 1: magzi777 folded before Flop (didn't bet)
Seat 2: BGS013 mucked
Seat 3: chinokevin13 (button) folded before Flop (didn't bet)
Seat 4: franco232315 (small blind) folded before Flop
Seat 5: AlexEliseev7 (big blind) showed [9s 9d] and won ($131.28) with three of a kind, Nines
Seat 6: ilian_ivanov88 folded before Flop (didn't bet)



PokerStars Hand #254484173487:  Hold'em No Limit ($0.50/$1.00 USD) - 2025/01/21 14:52:54 WET [2025/01/21 9:52:54 ET]
Table 'Thule IV' 6-max Seat #4 is the button
Seat 1: magzi777 ($159.17 in chips) 
Seat 2: BGS013 ($100 in chips) 
Seat 3: chinokevin13 ($119.87 in chips) 
Seat 4: franco232315 ($100 in chips) 
Seat 5: AlexEliseev7 ($181.55 in chips) 
Seat 6: ilian_ivanov88 ($89.74 in chips) 
AlexEliseev7: posts small blind $0.50
ilian_ivanov88: posts big blind $1
*** HOLE CARDS ***
magzi777: folds 
BGS013: folds 
chinokevin13: raises $1.50 to $2.50
franco232315: folds 
AlexEliseev7: folds 
ilian_ivanov88: calls $1.50
*** FLOP *** [2s 7c Kh]
ilian_ivanov88: checks 
chinokevin13: bets $1.72
ilian_ivanov88: calls $1.72
*** TURN *** [2s 7c Kh] [9c]
ilian_ivanov88: checks 
chinokevin13: bets $6.37
ilian_ivanov88: folds 
Uncalled bet ($6.37) returned to chinokevin13
chinokevin13 collected $8.49 from pot
chinokevin13: doesn't show hand 
*** SUMMARY ***
Total pot $8.94 | Rake $0.45 
Board [2s 7c Kh 9c]
Seat 1: magzi777 folded before Flop (didn't bet)
Seat 2: BGS013 folded before Flop (didn't bet)
Seat 3: chinokevin13 collected ($8.49)
Seat 4: franco232315 (button) folded before Flop (didn't bet)
Seat 5: AlexEliseev7 (small blind) folded before Flop
Seat 6: ilian_ivanov88 (big blind) folded on the Turn



PokerStars Hand #254484183112:  Hold'em No Limit ($0.50/$1.00 USD) - 2025/01/21 14:53:45 WET [2025/01/21 9:53:45 ET]
Table 'Thule IV' 6-max Seat #5 is the button
Seat 1: magzi777 ($159.17 in chips) 
Seat 2: BGS013 ($100 in chips) 
Seat 3: chinokevin13 ($124.14 in chips) 
Seat 4: franco232315 ($100 in chips) 
Seat 5: AlexEliseev7 ($181.05 in chips) 
Seat 6: ilian_ivanov88 ($85.52 in chips) 
ilian_ivanov88: posts small blind $0.50
magzi777: posts big blind $1
*** HOLE CARDS ***
BGS013: raises $1 to $2
chinokevin13: folds 
franco232315: folds 
AlexEliseev7: folds 
ilian_ivanov88: folds 
magzi777: folds 
Uncalled bet ($1) returned to BGS013
BGS013 collected $2.50 from pot
BGS013: doesn't show hand 
*** SUMMARY ***
Total pot $2.50 | Rake $0 
Seat 1: magzi777 (big blind) folded before Flop
Seat 2: BGS013 collected ($2.50)
Seat 3: chinokevin13 folded before Flop (didn't bet)
Seat 4: franco232315 folded before Flop (didn't bet)
Seat 5: AlexEliseev7 (button) folded before Flop (didn't bet)
Seat 6: ilian_ivanov88 (small blind) folded before Flop



PokerStars Hand #254484185920:  Hold'em No Limit ($0.50/$1.00 USD) - 2025/01/21 14:53:59 WET [2025/01/21 9:53:59 ET]
Table 'Thule IV' 6-max Seat #6 is the button
Seat 2: BGS013 ($101.50 in chips) is sitting out
Seat 1: magzi777 ($158.17 in chips) 
Seat 3: chinokevin13 ($124.14 in chips) 
Seat 4: franco232315 ($100 in chips) 
Seat 5: AlexEliseev7 ($181.05 in chips) 
Seat 6: ilian_ivanov88 ($85.02 in chips) 
magzi777: posts small blind $0.50
BGS013: is sitting out 
chinokevin13: posts big blind $1
*** HOLE CARDS ***
franco232315: raises $1.20 to $2.20
AlexEliseev7: folds 
BGS013 leaves the table
ilian_ivanov88: folds 
magzi777: folds 
chinokevin13: folds 
Uncalled bet ($1.20) returned to franco232315
franco232315 collected $2.50 from pot
franco232315: doesn't show hand 
*** SUMMARY ***
Total pot $2.50 | Rake $0 
Seat 2: BGS013
Seat 1: magzi777 (small blind) folded before Flop
Seat 3: chinokevin13 (big blind) folded before Flop
Seat 4: franco232315 collected ($2.50)
Seat 5: AlexEliseev7 folded before Flop (didn't bet)
Seat 6: ilian_ivanov88 (button) folded before Flop (didn't bet)



PokerStars Hand #254484188782:  Hold'em No Limit ($0.50/$1.00 USD) - 2025/01/21 14:54:15 WET [2025/01/21 9:54:15 ET]
Table 'Thule IV' 6-max Seat #1 is the button
Seat 1: magzi777 ($157.67 in chips) 
Seat 3: chinokevin13 ($123.14 in chips) 
Seat 4: franco232315 ($101.50 in chips) 
Seat 5: AlexEliseev7 ($181.05 in chips) 
Seat 6: ilian_ivanov88 ($85.02 in chips) 
chinokevin13: posts small blind $0.50
franco232315: posts big blind $1
*** HOLE CARDS ***
AlexEliseev7: folds 
ilian_ivanov88 has timed out
ilian_ivanov88: folds 
magzi777: folds 
chinokevin13: folds 
Uncalled bet ($0.50) returned to franco232315
franco232315 collected $1 from pot
franco232315: doesn't show hand 
*** SUMMARY ***
Total pot $1 | Rake $0 
Seat 1: magzi777 (button) folded before Flop (didn't bet)
Seat 3: chinokevin13 (small blind) folded before Flop
Seat 4: franco232315 (big blind) collected ($1)
Seat 5: AlexEliseev7 folded before Flop (didn't bet)
Seat 6: ilian_ivanov88 folded before Flop (didn't bet)



PokerStars Hand #254484196196:  Hold'em No Limit ($0.50/$1.00 USD) - 2025/01/21 14:54:54 WET [2025/01/21 9:54:54 ET]
Table 'Thule IV' 6-max Seat #3 is the button
Seat 6: ilian_ivanov88 ($85.02 in chips) is sitting out
Seat 1: magzi777 ($157.67 in chips) 
Seat 3: chinokevin13 ($122.64 in chips) 
Seat 4: franco232315 ($102 in chips) 
Seat 5: AlexEliseev7 ($181.05 in chips) 
franco232315: posts small blind $0.50
AlexEliseev7: posts big blind $1
*** HOLE CARDS ***
magzi777: raises $1.50 to $2.50
fiolek8 joins the table at seat #2 
fiolek8 is disconnected 
chinokevin13: folds 
franco232315: folds 
AlexEliseev7: calls $1.50
*** FLOP *** [3c Tc Kh]
AlexEliseev7: checks 
magzi777: checks 
*** TURN *** [3c Tc Kh] [4s]
AlexEliseev7: checks 
magzi777: checks 
*** RIVER *** [3c Tc Kh 4s] [3s]
AlexEliseev7: checks 
magzi777: checks 
*** SHOW DOWN ***
AlexEliseev7: shows [7s Qs] (a pair of Threes)
magzi777: shows [As 6s] (a pair of Threes - Ace kicker)
magzi777 collected $5.22 from pot
*** SUMMARY ***
Total pot $5.50 | Rake $0.28 
Board [3c Tc Kh 4s 3s]
Seat 6: ilian_ivanov88
Seat 1: magzi777 showed [As 6s] and won ($5.22) with a pair of Threes
Seat 3: chinokevin13 (button) folded before Flop (didn't bet)
Seat 4: franco232315 (small blind) folded before Flop
Seat 5: AlexEliseev7 (big blind) showed [7s Qs] and lost with a pair of Threes



PokerStars Hand #254484203237:  Hold'em No Limit ($0.50/$1.00 USD) - 2025/01/21 14:55:39 WET [2025/01/21 9:55:39 ET]
Table 'Thule IV' 6-max Seat #4 is the button
Seat 2: fiolek8 ($100 in chips) is sitting out
Seat 1: magzi777 ($160.39 in chips) 
Seat 3: chinokevin13 ($122.64 in chips) 
Seat 4: franco232315 ($101.50 in chips) 
Seat 5: AlexEliseev7 ($178.55 in chips) 
Seat 6: ilian_ivanov88 ($85.02 in chips) 
AlexEliseev7: posts small blind $0.50
ilian_ivanov88: posts big blind $1
fiolek8: sits out 
*** HOLE CARDS ***
magzi777: folds 
chinokevin13: folds 
franco232315: folds 
AlexEliseev7: folds 
Uncalled bet ($0.50) returned to ilian_ivanov88
ilian_ivanov88 collected $1 from pot
*** SUMMARY ***
Total pot $1 | Rake $0 
Seat 2: fiolek8
Seat 1: magzi777 folded before Flop (didn't bet)
Seat 3: chinokevin13 folded before Flop (didn't bet)
Seat 4: franco232315 (button) folded before Flop (didn't bet)
Seat 5: AlexEliseev7 (small blind) folded before Flop
Seat 6: ilian_ivanov88 (big blind) collected ($1)



PokerStars Hand #254484204992:  Hold'em No Limit ($0.50/$1.00 USD) - 2025/01/21 14:55:50 WET [2025/01/21 9:55:50 ET]
Table 'Thule IV' 6-max Seat #5 is the button
Seat 2: fiolek8 ($100 in chips) is sitting out
Seat 1: magzi777 ($160.39 in chips) 
Seat 3: chinokevin13 ($122.64 in chips) 
Seat 4: franco232315 ($101.50 in chips) 
Seat 5: AlexEliseev7 ($178.05 in chips) 
Seat 6: ilian_ivanov88 ($85.52 in chips) 
ilian_ivanov88: posts small blind $0.50
magzi777: posts big blind $1
fiolek8: sits out 
*** HOLE CARDS ***
chinokevin13: folds 
franco232315: folds 
AlexEliseev7: raises $1.50 to $2.50
ilian_ivanov88: folds 
magzi777: calls $1.50
*** FLOP *** [4h 6s 3h]
magzi777: checks 
AlexEliseev7: checks 
*** TURN *** [4h 6s 3h] [Js]
magzi777: checks 
AlexEliseev7: bets $2.56
magzi777: calls $2.56
*** RIVER *** [4h 6s 3h Js] [4d]
magzi777: checks 
AlexEliseev7: bets $3.33
magzi777: calls $3.33
*** SHOW DOWN ***
AlexEliseev7: shows [Qs Jd] (two pair, Jacks and Fours)
magzi777: shows [Jh Qh] (two pair, Jacks and Fours)
magzi777 collected $8.21 from pot
AlexEliseev7 collected $8.21 from pot
*** SUMMARY ***
Total pot $17.28 | Rake $0.86 
Board [4h 6s 3h Js 4d]
Seat 2: fiolek8
Seat 1: magzi777 (big blind) showed [Jh Qh] and won ($8.21) with two pair, Jacks and Fours
Seat 3: chinokevin13 folded before Flop (didn't bet)
Seat 4: franco232315 folded before Flop (didn't bet)
Seat 5: AlexEliseev7 (button) showed [Qs Jd] and won ($8.21) with two pair, Jacks and Fours
Seat 6: ilian_ivanov88 (small blind) folded before Flop



PokerStars Hand #254484216220:  Hold'em No Limit ($0.50/$1.00 USD) - 2025/01/21 14:57:06 WET [2025/01/21 9:57:06 ET]
Table 'Thule IV' 6-max Seat #6 is the button
Seat 1: magzi777 ($160.21 in chips) 
Seat 2: fiolek8 ($100 in chips) 
Seat 3: chinokevin13 ($122.64 in chips) 
Seat 4: franco232315 ($101.50 in chips) 
Seat 5: AlexEliseev7 ($177.87 in chips) 
Seat 6: ilian_ivanov88 ($85.02 in chips) 
magzi777: posts small blind $0.50
fiolek8: posts big blind $1
*** HOLE CARDS ***
chinokevin13: folds 
franco232315: raises $1.20 to $2.20
AlexEliseev7: folds 
ilian_ivanov88: folds 
magzi777: folds 
fiolek8: folds 
Uncalled bet ($1.20) returned to franco232315
franco232315 collected $2.50 from pot
franco232315: doesn't show hand 
*** SUMMARY ***
Total pot $2.50 | Rake $0 
Seat 1: magzi777 (small blind) folded before Flop
Seat 2: fiolek8 (big blind) folded before Flop
Seat 3: chinokevin13 folded before Flop (didn't bet)
Seat 4: franco232315 collected ($2.50)
Seat 5: AlexEliseev7 folded before Flop (didn't bet)
Seat 6: ilian_ivanov88 (button) folded before Flop (didn't bet)



PokerStars Hand #254484219770:  Hold'em No Limit ($0.50/$1.00 USD) - 2025/01/21 14:57:30 WET [2025/01/21 9:57:30 ET]
Table 'Thule IV' 6-max Seat #1 is the button
Seat 3: chinokevin13 ($122.64 in chips) is sitting out
Seat 1: magzi777 ($159.71 in chips) 
Seat 2: fiolek8 ($99 in chips) 
Seat 4: franco232315 ($103 in chips) 
Seat 5: AlexEliseev7 ($177.87 in chips) 
Seat 6: ilian_ivanov88 ($85.02 in chips) 
fiolek8: posts small blind $0.50
chinokevin13: is sitting out 
franco232315: posts big blind $1
*** HOLE CARDS ***
chinokevin13 leaves the table
AlexEliseev7: folds 
ilian_ivanov88: raises $1.50 to $2.50
magzi777: folds 
fiolek8: folds 
franco232315: calls $1.50
*** FLOP *** [Ts 7h 2c]
franco232315: checks 
ilian_ivanov88: checks 
*** TURN *** [Ts 7h 2c] [9h]
TheBluffPL joins the table at seat #3 
franco232315: checks 
ilian_ivanov88: checks 
*** RIVER *** [Ts 7h 2c 9h] [Ah]
franco232315: checks 
ilian_ivanov88: bets $5.22
franco232315: folds 
Uncalled bet ($5.22) returned to ilian_ivanov88
ilian_ivanov88 collected $5.22 from pot
*** SUMMARY ***
Total pot $5.50 | Rake $0.28 
Board [Ts 7h 2c 9h Ah]
Seat 3: chinokevin13
Seat 1: magzi777 (button) folded before Flop (didn't bet)
Seat 2: fiolek8 (small blind) folded before Flop
Seat 4: franco232315 (big blind) folded on the River
Seat 5: AlexEliseev7 folded before Flop (didn't bet)
Seat 6: ilian_ivanov88 collected ($5.22)



PokerStars Hand #254484225928:  Hold'em No Limit ($0.50/$1.00 USD) - 2025/01/21 14:58:11 WET [2025/01/21 9:58:11 ET]
Table 'Thule IV' 6-max Seat #2 is the button
Seat 3: TheBluffPL ($20 in chips) is sitting out
Seat 1: magzi777 ($159.71 in chips) 
Seat 2: fiolek8 ($98.50 in chips) 
Seat 4: franco232315 ($100.50 in chips) 
Seat 5: AlexEliseev7 ($177.87 in chips) 
Seat 6: ilian_ivanov88 ($87.74 in chips) 
franco232315: posts small blind $0.50
AlexEliseev7: posts big blind $1
*** HOLE CARDS ***
ilian_ivanov88: folds 
magzi777: raises $1.50 to $2.50
fiolek8: folds 
franco232315: folds 
AlexEliseev7: folds 
Uncalled bet ($1.50) returned to magzi777
magzi777 collected $2.50 from pot
*** SUMMARY ***
Total pot $2.50 | Rake $0 
Seat 3: TheBluffPL
Seat 1: magzi777 collected ($2.50)
Seat 2: fiolek8 (button) folded before Flop (didn't bet)
Seat 4: franco232315 (small blind) folded before Flop
Seat 5: AlexEliseev7 (big blind) folded before Flop
Seat 6: ilian_ivanov88 folded before Flop (didn't bet)



PokerStars Hand #254484228552:  Hold'em No Limit ($0.50/$1.00 USD) - 2025/01/21 14:58:29 WET [2025/01/21 9:58:29 ET]
Table 'Thule IV' 6-max Seat #4 is the button
Seat 3: TheBluffPL ($20 in chips) is sitting out
Seat 1: magzi777 ($161.21 in chips) 
Seat 2: fiolek8 ($98.50 in chips) 
Seat 4: franco232315 ($100 in chips) 
Seat 5: AlexEliseev7 ($176.87 in chips) 
Seat 6: ilian_ivanov88 ($87.74 in chips) 
AlexEliseev7: posts small blind $0.50
ilian_ivanov88: posts big blind $1
TheBluffPL: sits out 
*** HOLE CARDS ***
magzi777: raises $1.50 to $2.50
fiolek8: folds 
franco232315: calls $2.50
AlexEliseev7: folds 
ilian_ivanov88: folds 
*** FLOP *** [7h 3h Qd]
magzi777: checks 
franco232315: bets $2.04
magzi777: calls $2.04
*** TURN *** [7h 3h Qd] [Ad]
magzi777: checks 
franco232315: checks 
*** RIVER *** [7h 3h Qd Ad] [Js]
magzi777: bets $15.08
franco232315: calls $15.08
*** SHOW DOWN ***
magzi777: shows [5s 5d] (a pair of Fives)
franco232315: shows [Ah 4h] (a pair of Aces)
franco232315 collected $38.70 from pot
*** SUMMARY ***
Total pot $40.74 | Rake $2.04 
Board [7h 3h Qd Ad Js]
Seat 3: TheBluffPL
Seat 1: magzi777 showed [5s 5d] and lost with a pair of Fives
Seat 2: fiolek8 folded before Flop (didn't bet)
Seat 4: franco232315 (button) showed [Ah 4h] and won ($38.70) with a pair of Aces
Seat 5: AlexEliseev7 (small blind) folded before Flop
Seat 6: ilian_ivanov88 (big blind) folded before Flop



PokerStars Hand #254484242965:  Hold'em No Limit ($0.50/$1.00 USD) - 2025/01/21 15:00:04 WET [2025/01/21 10:00:04 ET]
Table 'Thule IV' 6-max Seat #5 is the button
Seat 3: TheBluffPL ($20 in chips) is sitting out
Seat 1: magzi777 ($141.59 in chips) 
Seat 2: fiolek8 ($98.50 in chips) 
Seat 4: franco232315 ($119.08 in chips) 
Seat 5: AlexEliseev7 ($176.37 in chips) 
Seat 6: ilian_ivanov88 ($86.74 in chips) 
ilian_ivanov88: posts small blind $0.50
magzi777: posts big blind $1
TheBluffPL: sits out 
*** HOLE CARDS ***
fiolek8: folds 
franco232315: folds 
AlexEliseev7: raises $1.50 to $2.50
ilian_ivanov88: calls $2
magzi777: folds 
*** FLOP *** [Js 3h 8d]
ilian_ivanov88: checks 
AlexEliseev7: bets $1.88
ilian_ivanov88: folds 
Uncalled bet ($1.88) returned to AlexEliseev7
AlexEliseev7 collected $5.70 from pot
AlexEliseev7: doesn't show hand 
*** SUMMARY ***
Total pot $6 | Rake $0.30 
Board [Js 3h 8d]
Seat 3: TheBluffPL
Seat 1: magzi777 (big blind) folded before Flop
Seat 2: fiolek8 folded before Flop (didn't bet)
Seat 4: franco232315 folded before Flop (didn't bet)
Seat 5: AlexEliseev7 (button) collected ($5.70)
Seat 6: ilian_ivanov88 (small blind) folded on the Flop



PokerStars Hand #254484248013:  Hold'em No Limit ($0.50/$1.00 USD) - 2025/01/21 15:00:36 WET [2025/01/21 10:00:36 ET]
Table 'Thule IV' 6-max Seat #6 is the button
Seat 3: TheBluffPL ($20 in chips) is sitting out
Seat 1: magzi777 ($140.59 in chips) 
Seat 2: fiolek8 ($98.50 in chips) 
Seat 4: franco232315 ($119.08 in chips) 
Seat 5: AlexEliseev7 ($179.57 in chips) 
Seat 6: ilian_ivanov88 ($84.24 in chips) 
magzi777: posts small blind $0.50
fiolek8: posts big blind $1
TheBluffPL: sits out 
*** HOLE CARDS ***
franco232315: folds 
AlexEliseev7: folds 
ilian_ivanov88: folds 
magzi777: raises $1.50 to $2.50
fiolek8: folds 
Uncalled bet ($1.50) returned to magzi777
magzi777 collected $2 from pot
*** SUMMARY ***
Total pot $2 | Rake $0 
Seat 3: TheBluffPL
Seat 1: magzi777 (small blind) collected ($2)
Seat 2: fiolek8 (big blind) folded before Flop
Seat 4: franco232315 folded before Flop (didn't bet)
Seat 5: AlexEliseev7 folded before Flop (didn't bet)
Seat 6: ilian_ivanov88 (button) folded before Flop (didn't bet)



PokerStars Hand #254484249963:  Hold'em No Limit ($0.50/$1.00 USD) - 2025/01/21 15:00:47 WET [2025/01/21 10:00:47 ET]
Table 'Thule IV' 6-max Seat #1 is the button
Seat 1: magzi777 ($141.59 in chips) 
Seat 2: fiolek8 ($97.50 in chips) 
Seat 3: TheBluffPL ($20 in chips) 
Seat 4: franco232315 ($119.08 in chips) 
Seat 5: AlexEliseev7 ($179.57 in chips) 
Seat 6: ilian_ivanov88 ($84.24 in chips) 
fiolek8: posts small blind $0.50
TheBluffPL: posts big blind $1
*** HOLE CARDS ***
franco232315: folds 
AlexEliseev7: folds 
ilian_ivanov88: folds 
magzi777: raises $1.50 to $2.50
fiolek8: folds 
TheBluffPL: calls $1.50
*** FLOP *** [8c 4d 8h]
TheBluffPL: checks 
magzi777: bets $1.50
TheBluffPL: folds 
Uncalled bet ($1.50) returned to magzi777
magzi777 collected $5.22 from pot
*** SUMMARY ***
Total pot $5.50 | Rake $0.28 
Board [8c 4d 8h]
Seat 1: magzi777 (button) collected ($5.22)
Seat 2: fiolek8 (small blind) folded before Flop
Seat 3: TheBluffPL (big blind) folded on the Flop
Seat 4: franco232315 folded before Flop (didn't bet)
Seat 5: AlexEliseev7 folded before Flop (didn't bet)
Seat 6: ilian_ivanov88 folded before Flop (didn't bet)



PokerStars Hand #254484254459:  Hold'em No Limit ($0.50/$1.00 USD) - 2025/01/21 15:01:13 WET [2025/01/21 10:01:13 ET]
Table 'Thule IV' 6-max Seat #2 is the button
Seat 1: magzi777 ($144.31 in chips) 
Seat 2: fiolek8 ($97.86 in chips) 
Seat 3: TheBluffPL ($20 in chips) 
Seat 4: franco232315 ($119.08 in chips) 
Seat 5: AlexEliseev7 ($179.57 in chips) 
Seat 6: ilian_ivanov88 ($84.24 in chips) 
TheBluffPL: posts small blind $0.50
franco232315: posts big blind $1
*** HOLE CARDS ***
AlexEliseev7: folds 
ilian_ivanov88: folds 
magzi777: folds 
fiolek8: folds 
TheBluffPL: raises $1.75 to $2.75
franco232315: raises $5.25 to $8
TheBluffPL: folds 
Uncalled bet ($5.25) returned to franco232315
franco232315 collected $5.50 from pot
franco232315: doesn't show hand 
*** SUMMARY ***
Total pot $5.50 | Rake $0 
Seat 1: magzi777 folded before Flop (didn't bet)
Seat 2: fiolek8 (button) folded before Flop (didn't bet)
Seat 3: TheBluffPL (small blind) folded before Flop
Seat 4: franco232315 (big blind) collected ($5.50)
Seat 5: AlexEliseev7 folded before Flop (didn't bet)
Seat 6: ilian_ivanov88 folded before Flop (didn't bet)



PokerStars Hand #254484258950:  Hold'em No Limit ($0.50/$1.00 USD) - 2025/01/21 15:01:37 WET [2025/01/21 10:01:37 ET]
Table 'Thule IV' 6-max Seat #3 is the button
Seat 1: magzi777 ($144.31 in chips) 
Seat 2: fiolek8 ($97.86 in chips) 
Seat 3: TheBluffPL ($20 in chips) 
Seat 4: franco232315 ($121.83 in chips) 
Seat 5: AlexEliseev7 ($179.57 in chips) 
Seat 6: ilian_ivanov88 ($84.24 in chips) 
franco232315: posts small blind $0.50
AlexEliseev7: posts big blind $1
*** HOLE CARDS ***
ilian_ivanov88: folds 
magzi777: folds 
fiolek8: folds 
TheBluffPL: raises $1.50 to $2.50
franco232315: folds 
AlexEliseev7: folds 
Uncalled bet ($1.50) returned to TheBluffPL
TheBluffPL collected $2.50 from pot
*** SUMMARY ***
Total pot $2.50 | Rake $0 
Seat 1: magzi777 folded before Flop (didn't bet)
Seat 2: fiolek8 folded before Flop (didn't bet)
Seat 3: TheBluffPL (button) collected ($2.50)
Seat 4: franco232315 (small blind) folded before Flop
Seat 5: AlexEliseev7 (big blind) folded before Flop
Seat 6: ilian_ivanov88 folded before Flop (didn't bet)



PokerStars Hand #254484262066:  Hold'em No Limit ($0.50/$1.00 USD) - 2025/01/21 15:01:54 WET [2025/01/21 10:01:54 ET]
Table 'Thule IV' 6-max Seat #4 is the button
Seat 1: magzi777 ($144.31 in chips) 
Seat 2: fiolek8 ($97.86 in chips) 
Seat 3: TheBluffPL ($21.50 in chips) 
Seat 4: franco232315 ($121.33 in chips) 
Seat 5: AlexEliseev7 ($178.57 in chips) 
Seat 6: ilian_ivanov88 ($84.24 in chips) 
AlexEliseev7: posts small blind $0.50
ilian_ivanov88: posts big blind $1
*** HOLE CARDS ***
magzi777: folds 
fiolek8: folds 
TheBluffPL: folds 
franco232315: raises $1.50 to $2.50
AlexEliseev7: folds 
ilian_ivanov88: calls $1.50
*** FLOP *** [Ad Ks 7d]
ilian_ivanov88: checks 
franco232315: bets $7.83
ilian_ivanov88: folds 
Uncalled bet ($7.83) returned to franco232315
franco232315 collected $5.22 from pot
franco232315: doesn't show hand 
*** SUMMARY ***
Total pot $5.50 | Rake $0.28 
Board [Ad Ks 7d]
Seat 1: magzi777 folded before Flop (didn't bet)
Seat 2: fiolek8 folded before Flop (didn't bet)
Seat 3: TheBluffPL folded before Flop (didn't bet)
Seat 4: franco232315 (button) collected ($5.22)
Seat 5: AlexEliseev7 (small blind) folded before Flop
Seat 6: ilian_ivanov88 (big blind) folded on the Flop



PokerStars Hand #254484271124:  Hold'em No Limit ($0.50/$1.00 USD) - 2025/01/21 15:02:42 WET [2025/01/21 10:02:42 ET]
Table 'Thule IV' 6-max Seat #5 is the button
Seat 1: magzi777 ($144.31 in chips) 
Seat 2: fiolek8 ($97.86 in chips) 
Seat 3: TheBluffPL ($21.50 in chips) 
Seat 4: franco232315 ($124.05 in chips) 
Seat 5: AlexEliseev7 ($178.07 in chips) 
Seat 6: ilian_ivanov88 ($81.74 in chips) 
ilian_ivanov88: posts small blind $0.50
magzi777: posts big blind $1
*** HOLE CARDS ***
fiolek8: folds 
TheBluffPL: raises $1 to $2
franco232315: folds 
AlexEliseev7: folds 
ilian_ivanov88: calls $1.50
magzi777: folds 
*** FLOP *** [2c 4s 3c]
ilian_ivanov88: checks 
TheBluffPL: bets $2.42
ilian_ivanov88: calls $2.42
*** TURN *** [2c 4s 3c] [Qh]
ilian_ivanov88: checks 
TheBluffPL: bets $4.77
ilian_ivanov88: calls $4.77
*** RIVER *** [2c 4s 3c Qh] [Ac]
ilian_ivanov88: bets $14.21
TheBluffPL: folds 
Uncalled bet ($14.21) returned to ilian_ivanov88
ilian_ivanov88 collected $18.41 from pot
*** SUMMARY ***
Total pot $19.38 | Rake $0.97 
Board [2c 4s 3c Qh Ac]
Seat 1: magzi777 (big blind) folded before Flop
Seat 2: fiolek8 folded before Flop (didn't bet)
Seat 3: TheBluffPL folded on the River
Seat 4: franco232315 folded before Flop (didn't bet)
Seat 5: AlexEliseev7 (button) folded before Flop (didn't bet)
Seat 6: ilian_ivanov88 (small blind) collected ($18.41)



PokerStars Hand #254484290450:  Hold'em No Limit ($0.50/$1.00 USD) - 2025/01/21 15:04:23 WET [2025/01/21 10:04:23 ET]
Table 'Thule IV' 6-max Seat #6 is the button
Seat 1: magzi777 ($143.31 in chips) 
Seat 2: fiolek8 ($97.86 in chips) 
Seat 3: TheBluffPL ($20 in chips) 
Seat 4: franco232315 ($124.05 in chips) 
Seat 5: AlexEliseev7 ($178.07 in chips) 
Seat 6: ilian_ivanov88 ($90.96 in chips) 
magzi777: posts small blind $0.50
fiolek8: posts big blind $1
*** HOLE CARDS ***
TheBluffPL: folds 
franco232315: folds 
AlexEliseev7: folds 
ilian_ivanov88: folds 
magzi777: folds 
Uncalled bet ($0.50) returned to fiolek8
fiolek8 collected $1 from pot
*** SUMMARY ***
Total pot $1 | Rake $0 
Seat 1: magzi777 (small blind) folded before Flop
Seat 2: fiolek8 (big blind) collected ($1)
Seat 3: TheBluffPL folded before Flop (didn't bet)
Seat 4: franco232315 folded before Flop (didn't bet)
Seat 5: AlexEliseev7 folded before Flop (didn't bet)
Seat 6: ilian_ivanov88 (button) folded before Flop (didn't bet)



PokerStars Hand #254484295103:  Hold'em No Limit ($0.50/$1.00 USD) - 2025/01/21 15:04:47 WET [2025/01/21 10:04:47 ET]
Table 'Thule IV' 6-max Seat #1 is the button
Seat 1: magzi777 ($142.81 in chips) 
Seat 2: fiolek8 ($98.36 in chips) 
Seat 3: TheBluffPL ($20 in chips) 
Seat 4: franco232315 ($124.05 in chips) 
Seat 5: AlexEliseev7 ($178.07 in chips) 
Seat 6: ilian_ivanov88 ($90.96 in chips) 
fiolek8: posts small blind $0.50
TheBluffPL: posts big blind $1
*** HOLE CARDS ***
franco232315: raises $1.20 to $2.20
AlexEliseev7: raises $6.80 to $9
ilian_ivanov88: folds 
magzi777: folds 
fiolek8: folds 
TheBluffPL: folds 
franco232315: calls $6.80
*** FLOP *** [Jc Kc 7h]
franco232315: checks 
AlexEliseev7: bets $6.11
franco232315: folds 
Uncalled bet ($6.11) returned to AlexEliseev7
AlexEliseev7 collected $18.52 from pot
AlexEliseev7: doesn't show hand 
*** SUMMARY ***
Total pot $19.50 | Rake $0.98 
Board [Jc Kc 7h]
Seat 1: magzi777 (button) folded before Flop (didn't bet)
Seat 2: fiolek8 (small blind) folded before Flop
Seat 3: TheBluffPL (big blind) folded before Flop
Seat 4: franco232315 folded on the Flop
Seat 5: AlexEliseev7 collected ($18.52)
Seat 6: ilian_ivanov88 folded before Flop (didn't bet)



PokerStars Hand #254484305970:  Hold'em No Limit ($0.50/$1.00 USD) - 2025/01/21 15:05:44 WET [2025/01/21 10:05:44 ET]
Table 'Thule IV' 6-max Seat #2 is the button
Seat 1: magzi777 ($142.81 in chips) 
Seat 2: fiolek8 ($97.86 in chips) 
Seat 3: TheBluffPL ($20 in chips) 
Seat 4: franco232315 ($115.05 in chips) 
Seat 5: AlexEliseev7 ($187.59 in chips) 
Seat 6: ilian_ivanov88 ($90.96 in chips) 
TheBluffPL: posts small blind $0.50
franco232315: posts big blind $1
*** HOLE CARDS ***
AlexEliseev7: folds 
ilian_ivanov88: raises $1.50 to $2.50
magzi777: folds 
fiolek8: folds 
TheBluffPL: folds 
franco232315: folds 
Uncalled bet ($1.50) returned to ilian_ivanov88
ilian_ivanov88 collected $2.50 from pot
*** SUMMARY ***
Total pot $2.50 | Rake $0 
Seat 1: magzi777 folded before Flop (didn't bet)
Seat 2: fiolek8 (button) folded before Flop (didn't bet)
Seat 3: TheBluffPL (small blind) folded before Flop
Seat 4: franco232315 (big blind) folded before Flop
Seat 5: AlexEliseev7 folded before Flop (didn't bet)
Seat 6: ilian_ivanov88 collected ($2.50)



PokerStars Hand #254484308942:  Hold'em No Limit ($0.50/$1.00 USD) - 2025/01/21 15:06:00 WET [2025/01/21 10:06:00 ET]
Table 'Thule IV' 6-max Seat #3 is the button
Seat 1: magzi777 ($142.81 in chips) 
Seat 2: fiolek8 ($97.86 in chips) 
Seat 3: TheBluffPL ($20 in chips) 
Seat 4: franco232315 ($114.05 in chips) 
Seat 5: AlexEliseev7 ($187.59 in chips) 
Seat 6: ilian_ivanov88 ($92.46 in chips) 
franco232315: posts small blind $0.50
AlexEliseev7: posts big blind $1
*** HOLE CARDS ***
ilian_ivanov88: folds 
magzi777: folds 
fiolek8: folds 
TheBluffPL: folds 
franco232315: raises $2 to $3
AlexEliseev7: folds 
Uncalled bet ($2) returned to franco232315
franco232315 collected $2 from pot
franco232315: doesn't show hand 
*** SUMMARY ***
Total pot $2 | Rake $0 
Seat 1: magzi777 folded before Flop (didn't bet)
Seat 2: fiolek8 folded before Flop (didn't bet)
Seat 3: TheBluffPL (button) folded before Flop (didn't bet)
Seat 4: franco232315 (small blind) collected ($2)
Seat 5: AlexEliseev7 (big blind) folded before Flop
Seat 6: ilian_ivanov88 folded before Flop (didn't bet)



PokerStars Hand #254484314689:  Hold'em No Limit ($0.50/$1.00 USD) - 2025/01/21 15:06:30 WET [2025/01/21 10:06:30 ET]
Table 'Thule IV' 6-max Seat #4 is the button
Seat 1: magzi777 ($142.81 in chips) 
Seat 2: fiolek8 ($97.86 in chips) 
Seat 3: TheBluffPL ($20 in chips) 
Seat 4: franco232315 ($115.05 in chips) 
Seat 5: AlexEliseev7 ($186.59 in chips) 
Seat 6: ilian_ivanov88 ($92.46 in chips) 
AlexEliseev7: posts small blind $0.50
ilian_ivanov88: posts big blind $1
*** HOLE CARDS ***
magzi777: folds 
fiolek8: folds 
TheBluffPL: folds 
franco232315: folds 
AlexEliseev7: folds 
Uncalled bet ($0.50) returned to ilian_ivanov88
ilian_ivanov88 collected $1 from pot
*** SUMMARY ***
Total pot $1 | Rake $0 
Seat 1: magzi777 folded before Flop (didn't bet)
Seat 2: fiolek8 folded before Flop (didn't bet)
Seat 3: TheBluffPL folded before Flop (didn't bet)
Seat 4: franco232315 (button) folded before Flop (didn't bet)
Seat 5: AlexEliseev7 (small blind) folded before Flop
Seat 6: ilian_ivanov88 (big blind) collected ($1)



PokerStars Hand #254484318119:  Hold'em No Limit ($0.50/$1.00 USD) - 2025/01/21 15:06:48 WET [2025/01/21 10:06:48 ET]
Table 'Thule IV' 6-max Seat #5 is the button
Seat 1: magzi777 ($142.81 in chips) 
Seat 2: fiolek8 ($97.86 in chips) 
Seat 3: TheBluffPL ($20 in chips) 
Seat 4: franco232315 ($115.05 in chips) 
Seat 5: AlexEliseev7 ($186.09 in chips) 
Seat 6: ilian_ivanov88 ($92.96 in chips) 
ilian_ivanov88: posts small blind $0.50
magzi777: posts big blind $1
*** HOLE CARDS ***
fiolek8: calls $1
TheBluffPL: folds 
franco232315: raises $1.50 to $2.50
AlexEliseev7: folds 
ilian_ivanov88: folds 
magzi777: raises $8.50 to $11
fiolek8: folds 
franco232315: folds 
Uncalled bet ($8.50) returned to magzi777
magzi777 collected $6.50 from pot
*** SUMMARY ***
Total pot $6.50 | Rake $0 
Seat 1: magzi777 (big blind) collected ($6.50)
Seat 2: fiolek8 folded before Flop
Seat 3: TheBluffPL folded before Flop (didn't bet)
Seat 4: franco232315 folded before Flop
Seat 5: AlexEliseev7 (button) folded before Flop (didn't bet)
Seat 6: ilian_ivanov88 (small blind) folded before Flop



PokerStars Hand #254484324642:  Hold'em No Limit ($0.50/$1.00 USD) - 2025/01/21 15:07:22 WET [2025/01/21 10:07:22 ET]
Table 'Thule IV' 6-max Seat #6 is the button
Seat 1: magzi777 ($146.81 in chips) 
Seat 2: fiolek8 ($96.86 in chips) 
Seat 3: TheBluffPL ($20 in chips) 
Seat 4: franco232315 ($112.55 in chips) 
Seat 5: AlexEliseev7 ($186.09 in chips) 
Seat 6: ilian_ivanov88 ($92.46 in chips) 
magzi777: posts small blind $0.50
fiolek8: posts big blind $1
*** HOLE CARDS ***
TheBluffPL: folds 
franco232315: raises $1.20 to $2.20
AlexEliseev7: folds 
ilian_ivanov88: folds 
magzi777: raises $8.30 to $10.50
fiolek8: folds 
franco232315: folds 
Uncalled bet ($8.30) returned to magzi777
magzi777 collected $5.40 from pot
*** SUMMARY ***
Total pot $5.40 | Rake $0 
Seat 1: magzi777 (small blind) collected ($5.40)
Seat 2: fiolek8 (big blind) folded before Flop
Seat 3: TheBluffPL folded before Flop (didn't bet)
Seat 4: franco232315 folded before Flop
Seat 5: AlexEliseev7 folded before Flop (didn't bet)
Seat 6: ilian_ivanov88 (button) folded before Flop (didn't bet)



PokerStars Hand #254484330390:  Hold'em No Limit ($0.50/$1.00 USD) - 2025/01/21 15:07:53 WET [2025/01/21 10:07:53 ET]
Table 'Thule IV' 6-max Seat #1 is the button
Seat 1: magzi777 ($150.01 in chips) 
Seat 2: fiolek8 ($95.86 in chips) 
Seat 3: TheBluffPL ($20 in chips) 
Seat 4: franco232315 ($110.35 in chips) 
Seat 5: AlexEliseev7 ($186.09 in chips) 
Seat 6: ilian_ivanov88 ($92.46 in chips) 
fiolek8: posts small blind $0.50
TheBluffPL: posts big blind $1
*** HOLE CARDS ***
franco232315 has timed out
franco232315: folds 
AlexEliseev7: folds 
ilian_ivanov88: folds 
magzi777: folds 
fiolek8: folds 
Uncalled bet ($0.50) returned to TheBluffPL
TheBluffPL collected $1 from pot
*** SUMMARY ***
Total pot $1 | Rake $0 
Seat 1: magzi777 (button) folded before Flop (didn't bet)
Seat 2: fiolek8 (small blind) folded before Flop
Seat 3: TheBluffPL (big blind) collected ($1)
Seat 4: franco232315 folded before Flop (didn't bet)
Seat 5: AlexEliseev7 folded before Flop (didn't bet)
Seat 6: ilian_ivanov88 folded before Flop (didn't bet)



PokerStars Hand #254484333677:  Hold'em No Limit ($0.50/$1.00 USD) - 2025/01/21 15:08:10 WET [2025/01/21 10:08:10 ET]
Table 'Thule IV' 6-max Seat #2 is the button
Seat 1: magzi777 ($150.01 in chips) 
Seat 2: fiolek8 ($95.36 in chips) 
Seat 3: TheBluffPL ($20.50 in chips) 
Seat 4: franco232315 ($110.35 in chips) 
Seat 5: AlexEliseev7 ($186.09 in chips) 
Seat 6: ilian_ivanov88 ($92.46 in chips) 
TheBluffPL: posts small blind $0.50
franco232315: posts big blind $1
*** HOLE CARDS ***
AlexEliseev7: raises $1.50 to $2.50
ilian_ivanov88: calls $2.50
magzi777: folds 
fiolek8: folds 
TheBluffPL: folds 
franco232315: raises $11.50 to $14
AlexEliseev7: folds 
ilian_ivanov88: folds 
Uncalled bet ($11.50) returned to franco232315
franco232315 collected $8 from pot
franco232315: doesn't show hand 
*** SUMMARY ***
Total pot $8 | Rake $0 
Seat 1: magzi777 folded before Flop (didn't bet)
Seat 2: fiolek8 (button) folded before Flop (didn't bet)
Seat 3: TheBluffPL (small blind) folded before Flop
Seat 4: franco232315 (big blind) collected ($8)
Seat 5: AlexEliseev7 folded before Flop
Seat 6: ilian_ivanov88 folded before Flop



PokerStars Hand #254484339657:  Hold'em No Limit ($0.50/$1.00 USD) - 2025/01/21 15:08:42 WET [2025/01/21 10:08:42 ET]
Table 'Thule IV' 6-max Seat #3 is the button
Seat 1: magzi777 ($150.01 in chips) 
Seat 2: fiolek8 ($95.36 in chips) 
Seat 3: TheBluffPL ($20 in chips) 
Seat 4: franco232315 ($115.85 in chips) 
Seat 5: AlexEliseev7 ($183.59 in chips) 
Seat 6: ilian_ivanov88 ($89.96 in chips) 
franco232315: posts small blind $0.50
AlexEliseev7: posts big blind $1
*** HOLE CARDS ***
ilian_ivanov88: raises $1.50 to $2.50
magzi777: folds 
fiolek8: folds 
TheBluffPL: folds 
franco232315: folds 
AlexEliseev7: folds 
Uncalled bet ($1.50) returned to ilian_ivanov88
ilian_ivanov88 collected $2.50 from pot
*** SUMMARY ***
Total pot $2.50 | Rake $0 
Seat 1: magzi777 folded before Flop (didn't bet)
Seat 2: fiolek8 folded before Flop (didn't bet)
Seat 3: TheBluffPL (button) folded before Flop (didn't bet)
Seat 4: franco232315 (small blind) folded before Flop
Seat 5: AlexEliseev7 (big blind) folded before Flop
Seat 6: ilian_ivanov88 collected ($2.50)



PokerStars Hand #254484344266:  Hold'em No Limit ($0.50/$1.00 USD) - 2025/01/21 15:09:06 WET [2025/01/21 10:09:06 ET]
Table 'Thule IV' 6-max Seat #4 is the button
Seat 1: magzi777 ($150.01 in chips) 
Seat 2: fiolek8 ($95.36 in chips) 
Seat 3: TheBluffPL ($20 in chips) 
Seat 4: franco232315 ($115.35 in chips) 
Seat 5: AlexEliseev7 ($182.59 in chips) 
Seat 6: ilian_ivanov88 ($91.46 in chips) 
AlexEliseev7: posts small blind $0.50
ilian_ivanov88: posts big blind $1
*** HOLE CARDS ***
magzi777: folds 
fiolek8: folds 
TheBluffPL: folds 
franco232315: raises $1.50 to $2.50
AlexEliseev7: folds 
ilian_ivanov88: folds 
Uncalled bet ($1.50) returned to franco232315
franco232315 collected $2.50 from pot
franco232315: doesn't show hand 
*** SUMMARY ***
Total pot $2.50 | Rake $0 
Seat 1: magzi777 folded before Flop (didn't bet)
Seat 2: fiolek8 folded before Flop (didn't bet)
Seat 3: TheBluffPL folded before Flop (didn't bet)
Seat 4: franco232315 (button) collected ($2.50)
Seat 5: AlexEliseev7 (small blind) folded before Flop
Seat 6: ilian_ivanov88 (big blind) folded before Flop



PokerStars Hand #254484346777:  Hold'em No Limit ($0.50/$1.00 USD) - 2025/01/21 15:09:19 WET [2025/01/21 10:09:19 ET]
Table 'Thule IV' 6-max Seat #5 is the button
Seat 1: magzi777 ($150.01 in chips) 
Seat 2: fiolek8 ($95.36 in chips) 
Seat 3: TheBluffPL ($20 in chips) 
Seat 4: franco232315 ($116.85 in chips) 
Seat 5: AlexEliseev7 ($182.09 in chips) 
Seat 6: ilian_ivanov88 ($90.46 in chips) 
ilian_ivanov88: posts small blind $0.50
magzi777: posts big blind $1
*** HOLE CARDS ***
fiolek8: folds 
TheBluffPL: folds 
franco232315: raises $1.50 to $2.50
AlexEliseev7: folds 
ilian_ivanov88: folds 
magzi777: folds 
Uncalled bet ($1.50) returned to franco232315
franco232315 collected $2.50 from pot
franco232315: doesn't show hand 
*** SUMMARY ***
Total pot $2.50 | Rake $0 
Seat 1: magzi777 (big blind) folded before Flop
Seat 2: fiolek8 folded before Flop (didn't bet)
Seat 3: TheBluffPL folded before Flop (didn't bet)
Seat 4: franco232315 collected ($2.50)
Seat 5: AlexEliseev7 (button) folded before Flop (didn't bet)
Seat 6: ilian_ivanov88 (small blind) folded before Flop



PokerStars Hand #254484350847:  Hold'em No Limit ($0.50/$1.00 USD) - 2025/01/21 15:09:40 WET [2025/01/21 10:09:40 ET]
Table 'Thule IV' 6-max Seat #6 is the button
Seat 1: magzi777 ($149.01 in chips) 
Seat 2: fiolek8 ($95.36 in chips) 
Seat 3: TheBluffPL ($20 in chips) 
Seat 4: franco232315 ($118.35 in chips) 
Seat 5: AlexEliseev7 ($182.09 in chips) 
Seat 6: ilian_ivanov88 ($89.96 in chips) 
magzi777: posts small blind $0.50
fiolek8: posts big blind $1
*** HOLE CARDS ***
TheBluffPL: folds 
franco232315: raises $1.20 to $2.20
AlexEliseev7: folds 
ilian_ivanov88: folds 
magzi777: folds 
fiolek8: calls $1.20
*** FLOP *** [Kc Qh Ts]
fiolek8: checks 
franco232315: bets $1.54
fiolek8: calls $1.54
*** TURN *** [Kc Qh Ts] [2s]
fiolek8: checks 
franco232315: checks 
*** RIVER *** [Kc Qh Ts 2s] [5s]
fiolek8: bets $7.58
franco232315: folds 
Uncalled bet ($7.58) returned to fiolek8
fiolek8 collected $7.58 from pot
*** SUMMARY ***
Total pot $7.98 | Rake $0.40 
Board [Kc Qh Ts 2s 5s]
Seat 1: magzi777 (small blind) folded before Flop
Seat 2: fiolek8 (big blind) collected ($7.58)
Seat 3: TheBluffPL folded before Flop (didn't bet)
Seat 4: franco232315 folded on the River
Seat 5: AlexEliseev7 folded before Flop (didn't bet)
Seat 6: ilian_ivanov88 (button) folded before Flop (didn't bet)



PokerStars Hand #254484360702:  Hold'em No Limit ($0.50/$1.00 USD) - 2025/01/21 15:10:33 WET [2025/01/21 10:10:33 ET]
Table 'Thule IV' 6-max Seat #1 is the button
Seat 1: magzi777 ($148.51 in chips) 
Seat 2: fiolek8 ($99.20 in chips) 
Seat 3: TheBluffPL ($20 in chips) 
Seat 4: franco232315 ($114.61 in chips) 
Seat 5: AlexEliseev7 ($182.09 in chips) 
Seat 6: ilian_ivanov88 ($89.96 in chips) 
fiolek8: posts small blind $0.50
TheBluffPL: posts big blind $1
*** HOLE CARDS ***
franco232315: raises $1.20 to $2.20
AlexEliseev7: folds 
ilian_ivanov88: calls $2.20
magzi777: folds 
fiolek8: calls $1.70
TheBluffPL: calls $1.20
*** FLOP *** [Jc Js 5h]
fiolek8: checks 
TheBluffPL: checks 
franco232315: bets $2.76
ilian_ivanov88: calls $2.76
fiolek8: folds 
TheBluffPL: folds 
*** TURN *** [Jc Js 5h] [Qs]
franco232315: checks 
ilian_ivanov88: bets $5
franco232315: calls $5
*** RIVER *** [Jc Js 5h Qs] [Ad]
franco232315: checks 
ilian_ivanov88: checks 
*** SHOW DOWN ***
franco232315: shows [6h 6c] (two pair, Jacks and Sixes)
ilian_ivanov88: shows [Jd 8d] (three of a kind, Jacks)
ilian_ivanov88 collected $23.10 from pot
*** SUMMARY ***
Total pot $24.32 | Rake $1.22 
Board [Jc Js 5h Qs Ad]
Seat 1: magzi777 (button) folded before Flop (didn't bet)
Seat 2: fiolek8 (small blind) folded on the Flop
Seat 3: TheBluffPL (big blind) folded on the Flop
Seat 4: franco232315 showed [6h 6c] and lost with two pair, Jacks and Sixes
Seat 5: AlexEliseev7 folded before Flop (didn't bet)
Seat 6: ilian_ivanov88 showed [Jd 8d] and won ($23.10) with three of a kind, Jacks



PokerStars Hand #254484378017:  Hold'em No Limit ($0.50/$1.00 USD) - 2025/01/21 15:12:03 WET [2025/01/21 10:12:03 ET]
Table 'Thule IV' 6-max Seat #2 is the button
Seat 1: magzi777 ($148.51 in chips) 
Seat 2: fiolek8 ($97 in chips) 
Seat 3: TheBluffPL ($20 in chips) 
Seat 4: franco232315 ($104.65 in chips) 
Seat 5: AlexEliseev7 ($182.09 in chips) 
Seat 6: ilian_ivanov88 ($103.10 in chips) 
TheBluffPL: posts small blind $0.50
franco232315: posts big blind $1
*** HOLE CARDS ***
AlexEliseev7: folds 
ilian_ivanov88: folds 
magzi777: folds 
fiolek8: folds 
TheBluffPL: folds 
Uncalled bet ($0.50) returned to franco232315
franco232315 collected $1 from pot
franco232315: doesn't show hand 
*** SUMMARY ***
Total pot $1 | Rake $0 
Seat 1: magzi777 folded before Flop (didn't bet)
Seat 2: fiolek8 (button) folded before Flop (didn't bet)
Seat 3: TheBluffPL (small blind) folded before Flop
Seat 4: franco232315 (big blind) collected ($1)
Seat 5: AlexEliseev7 folded before Flop (didn't bet)
Seat 6: ilian_ivanov88 folded before Flop (didn't bet)



PokerStars Hand #254484380081:  Hold'em No Limit ($0.50/$1.00 USD) - 2025/01/21 15:12:14 WET [2025/01/21 10:12:14 ET]
Table 'Thule IV' 6-max Seat #3 is the button
Seat 1: magzi777 ($148.51 in chips) 
Seat 2: fiolek8 ($97 in chips) 
Seat 3: TheBluffPL ($20 in chips) 
Seat 4: franco232315 ($105.15 in chips) 
Seat 5: AlexEliseev7 ($182.09 in chips) 
Seat 6: ilian_ivanov88 ($103.10 in chips) 
franco232315: posts small blind $0.50
AlexEliseev7: posts big blind $1
*** HOLE CARDS ***
ilian_ivanov88: folds 
magzi777: folds 
fiolek8: folds 
TheBluffPL: folds 
franco232315: raises $2 to $3
AlexEliseev7: folds 
Uncalled bet ($2) returned to franco232315
franco232315 collected $2 from pot
franco232315: doesn't show hand 
*** SUMMARY ***
Total pot $2 | Rake $0 
Seat 1: magzi777 folded before Flop (didn't bet)
Seat 2: fiolek8 folded before Flop (didn't bet)
Seat 3: TheBluffPL (button) folded before Flop (didn't bet)
Seat 4: franco232315 (small blind) collected ($2)
Seat 5: AlexEliseev7 (big blind) folded before Flop
Seat 6: ilian_ivanov88 folded before Flop (didn't bet)



PokerStars Hand #254484384922:  Hold'em No Limit ($0.50/$1.00 USD) - 2025/01/21 15:12:39 WET [2025/01/21 10:12:39 ET]
Table 'Thule IV' 6-max Seat #4 is the button
Seat 1: magzi777 ($148.51 in chips) 
Seat 2: fiolek8 ($97 in chips) 
Seat 3: TheBluffPL ($20 in chips) 
Seat 4: franco232315 ($106.15 in chips) 
Seat 5: AlexEliseev7 ($181.09 in chips) 
Seat 6: ilian_ivanov88 ($103.10 in chips) 
AlexEliseev7: posts small blind $0.50
ilian_ivanov88: posts big blind $1
*** HOLE CARDS ***
magzi777: folds 
fiolek8: folds 
TheBluffPL: raises $1 to $2
franco232315: folds 
AlexEliseev7: folds 
franco232315 leaves the table
ilian_ivanov88: folds 
Uncalled bet ($1) returned to TheBluffPL
TheBluffPL collected $2.50 from pot
*** SUMMARY ***
Total pot $2.50 | Rake $0 
Seat 1: magzi777 folded before Flop (didn't bet)
Seat 2: fiolek8 folded before Flop (didn't bet)
Seat 3: TheBluffPL collected ($2.50)
Seat 4: franco232315 (button) folded before Flop (didn't bet)
Seat 5: AlexEliseev7 (small blind) folded before Flop
Seat 6: ilian_ivanov88 (big blind) folded before Flop



PokerStars Hand #254484388514:  Hold'em No Limit ($0.50/$1.00 USD) - 2025/01/21 15:12:58 WET [2025/01/21 10:12:58 ET]
Table 'Thule IV' 6-max Seat #5 is the button
Seat 1: magzi777 ($148.51 in chips) 
Seat 2: fiolek8 ($97 in chips) 
Seat 3: TheBluffPL ($21.50 in chips) 
Seat 5: AlexEliseev7 ($180.59 in chips) 
Seat 6: ilian_ivanov88 ($102.10 in chips) 
ilian_ivanov88: posts small blind $0.50
magzi777: posts big blind $1
*** HOLE CARDS ***
fiolek8: calls $1
TheBluffPL: folds 
AlexEliseev7: folds 
ilian_ivanov88: folds 
magzi777: checks 
*** FLOP *** [9h Td 5c]
magzi777: checks 
fiolek8: bets $1
Unipoker11 joins the table at seat #4 
magzi777: folds 
Uncalled bet ($1) returned to fiolek8
fiolek8 collected $2.38 from pot
*** SUMMARY ***
Total pot $2.50 | Rake $0.12 
Board [9h Td 5c]
Seat 1: magzi777 (big blind) folded on the Flop
Seat 2: fiolek8 collected ($2.38)
Seat 3: TheBluffPL folded before Flop (didn't bet)
Seat 5: AlexEliseev7 (button) folded before Flop (didn't bet)
Seat 6: ilian_ivanov88 (small blind) folded before Flop



PokerStars Hand #254484391528:  Hold'em No Limit ($0.50/$1.00 USD) - 2025/01/21 15:13:13 WET [2025/01/21 10:13:13 ET]
Table 'Thule IV' 6-max Seat #6 is the button
Seat 4: Unipoker11 ($100 in chips) is sitting out
Seat 1: magzi777 ($147.51 in chips) 
Seat 2: fiolek8 ($98.38 in chips) 
Seat 3: TheBluffPL ($21.50 in chips) 
Seat 5: AlexEliseev7 ($180.59 in chips) 
Seat 6: ilian_ivanov88 ($101.60 in chips) 
magzi777: posts small blind $0.50
fiolek8: posts big blind $1
Unipoker11: sits out 
*** HOLE CARDS ***
TheBluffPL: folds 
AlexEliseev7: folds 
ilian_ivanov88: folds 
magzi777: raises $1.50 to $2.50
fiolek8: folds 
Uncalled bet ($1.50) returned to magzi777
magzi777 collected $2 from pot
TheBluffPL leaves the table
*** SUMMARY ***
Total pot $2 | Rake $0 
Seat 4: Unipoker11
Seat 1: magzi777 (small blind) collected ($2)
Seat 2: fiolek8 (big blind) folded before Flop
Seat 3: TheBluffPL folded before Flop (didn't bet)
Seat 5: AlexEliseev7 folded before Flop (didn't bet)
Seat 6: ilian_ivanov88 (button) folded before Flop (didn't bet)



PokerStars Hand #254484394593:  Hold'em No Limit ($0.50/$1.00 USD) - 2025/01/21 15:13:29 WET [2025/01/21 10:13:29 ET]
Table 'Thule IV' 6-max Seat #1 is the button
Seat 1: magzi777 ($148.51 in chips) 
Seat 2: fiolek8 ($97.38 in chips) 
Seat 4: Unipoker11 ($100 in chips) 
Seat 5: AlexEliseev7 ($180.59 in chips) 
Seat 6: ilian_ivanov88 ($101.60 in chips) 
fiolek8: posts small blind $0.50
Unipoker11: posts big blind $1
*** HOLE CARDS ***
AlexEliseev7: folds 
ilian_ivanov88: folds 
magzi777: raises $1.50 to $2.50
fiolek8: folds 
Unipoker11: folds 
Uncalled bet ($1.50) returned to magzi777
magzi777 collected $2.50 from pot
franco232315 joins the table at seat #3 
*** SUMMARY ***
Total pot $2.50 | Rake $0 
Seat 1: magzi777 (button) collected ($2.50)
Seat 2: fiolek8 (small blind) folded before Flop
Seat 4: Unipoker11 (big blind) folded before Flop
Seat 5: AlexEliseev7 folded before Flop (didn't bet)
Seat 6: ilian_ivanov88 folded before Flop (didn't bet)



PokerStars Hand #254484396761:  Hold'em No Limit ($0.50/$1.00 USD) - 2025/01/21 15:13:40 WET [2025/01/21 10:13:40 ET]
Table 'Thule IV' 6-max Seat #2 is the button
Seat 3: franco232315 ($106.15 in chips) is sitting out
Seat 1: magzi777 ($150.01 in chips) 
Seat 2: fiolek8 ($96.88 in chips) 
Seat 4: Unipoker11 ($100 in chips) 
Seat 5: AlexEliseev7 ($180.59 in chips) 
Seat 6: ilian_ivanov88 ($101.60 in chips) 
Unipoker11: posts small blind $0.50
AlexEliseev7: posts big blind $1
*** HOLE CARDS ***
ilian_ivanov88: folds 
magzi777: folds 
fiolek8: folds 
ilian_ivanov88 is disconnected 
Unipoker11: raises $2 to $3
AlexEliseev7: folds 
Uncalled bet ($2) returned to Unipoker11
Unipoker11 collected $2 from pot
Unipoker11: doesn't show hand 
*** SUMMARY ***
Total pot $2 | Rake $0 
Seat 3: franco232315
Seat 1: magzi777 folded before Flop (didn't bet)
Seat 2: fiolek8 (button) folded before Flop (didn't bet)
Seat 4: Unipoker11 (small blind) collected ($2)
Seat 5: AlexEliseev7 (big blind) folded before Flop
Seat 6: ilian_ivanov88 folded before Flop (didn't bet)



PokerStars Hand #254484402983:  Hold'em No Limit ($0.50/$1.00 USD) - 2025/01/21 15:14:12 WET [2025/01/21 10:14:12 ET]
Table 'Thule IV' 6-max Seat #4 is the button
Seat 3: franco232315 ($106.15 in chips) is sitting out
Seat 6: ilian_ivanov88 ($101.60 in chips) is sitting out
Seat 1: magzi777 ($150.01 in chips) 
Seat 2: fiolek8 ($96.88 in chips) 
Seat 4: Unipoker11 ($101 in chips) 
Seat 5: AlexEliseev7 ($179.59 in chips) 
AlexEliseev7: posts small blind $0.50
ilian_ivanov88 has timed out while disconnected
ilian_ivanov88: is sitting out 
magzi777: posts big blind $1
franco232315: sits out 
*** HOLE CARDS ***
fiolek8: folds 
Unipoker11: folds 
AlexEliseev7: folds 
Uncalled bet ($0.50) returned to magzi777
magzi777 collected $1 from pot
*** SUMMARY ***
Total pot $1 | Rake $0 
Seat 3: franco232315
Seat 6: ilian_ivanov88
Seat 1: magzi777 (big blind) collected ($1)
Seat 2: fiolek8 folded before Flop (didn't bet)
Seat 4: Unipoker11 (button) folded before Flop (didn't bet)
Seat 5: AlexEliseev7 (small blind) folded before Flop



PokerStars Hand #254484409614:  Hold'em No Limit ($0.50/$1.00 USD) - 2025/01/21 15:14:47 WET [2025/01/21 10:14:47 ET]
Table 'Thule IV' 6-max Seat #5 is the button
Seat 3: franco232315 ($106.15 in chips) is sitting out
Seat 6: ilian_ivanov88 ($101.60 in chips) is sitting out
Seat 1: magzi777 ($150.51 in chips) 
Seat 2: fiolek8 ($96.88 in chips) 
Seat 4: Unipoker11 ($101 in chips) 
Seat 5: AlexEliseev7 ($179.09 in chips) 
magzi777: posts small blind $0.50
fiolek8: posts big blind $1
franco232315: sits out 
*** HOLE CARDS ***
Unipoker11: folds 
AlexEliseev7: folds 
magzi777: raises $1.50 to $2.50
fiolek8: folds 
Uncalled bet ($1.50) returned to magzi777
magzi777 collected $2 from pot
*** SUMMARY ***
Total pot $2 | Rake $0 
Seat 3: franco232315
Seat 6: ilian_ivanov88
Seat 1: magzi777 (small blind) collected ($2)
Seat 2: fiolek8 (big blind) folded before Flop
Seat 4: Unipoker11 folded before Flop (didn't bet)
Seat 5: AlexEliseev7 (button) folded before Flop (didn't bet)



PokerStars Hand #254484414589:  Hold'em No Limit ($0.50/$1.00 USD) - 2025/01/21 15:15:12 WET [2025/01/21 10:15:12 ET]
Table 'Thule IV' 6-max Seat #1 is the button
Seat 6: ilian_ivanov88 ($101.60 in chips) is sitting out
Seat 1: magzi777 ($151.51 in chips) 
Seat 2: fiolek8 ($95.88 in chips) 
Seat 3: franco232315 ($106.15 in chips) 
Seat 4: Unipoker11 ($101 in chips) 
Seat 5: AlexEliseev7 ($179.09 in chips) 
fiolek8: posts small blind $0.50
franco232315: posts big blind $1
*** HOLE CARDS ***
Unipoker11: folds 
AlexEliseev7: folds 
magzi777: folds 
fiolek8: raises $2 to $3
franco232315: raises $6 to $9
fiolek8: calls $6
*** FLOP *** [Ah 3d 5s]
fiolek8: checks 
franco232315: bets $5.64
fiolek8: folds 
Uncalled bet ($5.64) returned to franco232315
franco232315 collected $17.10 from pot
franco232315: doesn't show hand 
*** SUMMARY ***
Total pot $18 | Rake $0.90 
Board [Ah 3d 5s]
Seat 6: ilian_ivanov88
Seat 1: magzi777 (button) folded before Flop (didn't bet)
Seat 2: fiolek8 (small blind) folded on the Flop
Seat 3: franco232315 (big blind) collected ($17.10)
Seat 4: Unipoker11 folded before Flop (didn't bet)
Seat 5: AlexEliseev7 folded before Flop (didn't bet)



PokerStars Hand #254484423055:  Hold'em No Limit ($0.50/$1.00 USD) - 2025/01/21 15:15:54 WET [2025/01/21 10:15:54 ET]
Table 'Thule IV' 6-max Seat #2 is the button
Seat 6: ilian_ivanov88 ($101.60 in chips) is sitting out
Seat 1: magzi777 ($151.51 in chips) 
Seat 2: fiolek8 ($86.88 in chips) 
Seat 3: franco232315 ($114.25 in chips) 
Seat 4: Unipoker11 ($101 in chips) 
Seat 5: AlexEliseev7 ($179.09 in chips) 
franco232315: posts small blind $0.50
Unipoker11: posts big blind $1
*** HOLE CARDS ***
AlexEliseev7: folds 
magzi777: folds 
fiolek8: folds 
franco232315: folds 
Uncalled bet ($0.50) returned to Unipoker11
Unipoker11 collected $1 from pot
Unipoker11: doesn't show hand 
*** SUMMARY ***
Total pot $1 | Rake $0 
Seat 6: ilian_ivanov88
Seat 1: magzi777 folded before Flop (didn't bet)
Seat 2: fiolek8 (button) folded before Flop (didn't bet)
Seat 3: franco232315 (small blind) folded before Flop
Seat 4: Unipoker11 (big blind) collected ($1)
Seat 5: AlexEliseev7 folded before Flop (didn't bet)



PokerStars Hand #254484425606:  Hold'em No Limit ($0.50/$1.00 USD) - 2025/01/21 15:16:06 WET [2025/01/21 10:16:06 ET]
Table 'Thule IV' 6-max Seat #3 is the button
Seat 6: ilian_ivanov88 ($101.60 in chips) is sitting out
Seat 1: magzi777 ($151.51 in chips) 
Seat 2: fiolek8 ($86.88 in chips) 
Seat 3: franco232315 ($113.75 in chips) 
Seat 4: Unipoker11 ($101.50 in chips) 
Seat 5: AlexEliseev7 ($179.09 in chips) 
Unipoker11: posts small blind $0.50
AlexEliseev7: posts big blind $1
*** HOLE CARDS ***
magzi777: raises $1.50 to $2.50
fiolek8: folds 
franco232315: folds 
Unipoker11: folds 
AlexEliseev7: folds 
Uncalled bet ($1.50) returned to magzi777
magzi777 collected $2.50 from pot
*** SUMMARY ***
Total pot $2.50 | Rake $0 
Seat 6: ilian_ivanov88
Seat 1: magzi777 collected ($2.50)
Seat 2: fiolek8 folded before Flop (didn't bet)
Seat 3: franco232315 (button) folded before Flop (didn't bet)
Seat 4: Unipoker11 (small blind) folded before Flop
Seat 5: AlexEliseev7 (big blind) folded before Flop



PokerStars Hand #254484428494:  Hold'em No Limit ($0.50/$1.00 USD) - 2025/01/21 15:16:21 WET [2025/01/21 10:16:21 ET]
Table 'Thule IV' 6-max Seat #4 is the button
Seat 1: magzi777 ($153.01 in chips) is sitting out
Seat 6: ilian_ivanov88 ($101.60 in chips) is sitting out
Seat 2: fiolek8 ($86.88 in chips) 
Seat 3: franco232315 ($113.75 in chips) 
Seat 4: Unipoker11 ($101 in chips) 
Seat 5: AlexEliseev7 ($178.09 in chips) 
AlexEliseev7: posts small blind $0.50
magzi777: is sitting out 
magzi777 leaves the table
fiolek8: posts big blind $1
*** HOLE CARDS ***
franco232315: raises $1.50 to $2.50
Unipoker11: folds 
AlexEliseev7: folds 
fiolek8: raises $5.50 to $8
franco232315: folds 
Uncalled bet ($5.50) returned to fiolek8
fiolek8 collected $5.50 from pot
*** SUMMARY ***
Total pot $5.50 | Rake $0 
Seat 1: magzi777
Seat 6: ilian_ivanov88
Seat 2: fiolek8 (big blind) collected ($5.50)
Seat 3: franco232315 folded before Flop
Seat 4: Unipoker11 (button) folded before Flop (didn't bet)
Seat 5: AlexEliseev7 (small blind) folded before Flop



PokerStars Hand #254484433379:  Hold'em No Limit ($0.50/$1.00 USD) - 2025/01/21 15:16:45 WET [2025/01/21 10:16:45 ET]
Table 'Thule IV' 6-max Seat #5 is the button
Seat 3: franco232315 ($111.25 in chips) is sitting out
Seat 6: ilian_ivanov88 ($101.60 in chips) is sitting out
Seat 2: fiolek8 ($89.88 in chips) 
Seat 4: Unipoker11 ($101 in chips) 
Seat 5: AlexEliseev7 ($177.59 in chips) 
fiolek8: posts small blind $0.50
franco232315: is sitting out 
Unipoker11: posts big blind $1
*** HOLE CARDS ***
AlexEliseev7: raises $1.50 to $2.50
fiolek8: folds 
franco232315 leaves the table
Unipoker11: folds 
Uncalled bet ($1.50) returned to AlexEliseev7
AlexEliseev7 collected $2.50 from pot
AlexEliseev7: doesn't show hand 
*** SUMMARY ***
Total pot $2.50 | Rake $0 
Seat 3: franco232315
Seat 6: ilian_ivanov88
Seat 2: fiolek8 (small blind) folded before Flop
Seat 4: Unipoker11 (big blind) folded before Flop
Seat 5: AlexEliseev7 (button) collected ($2.50)



PokerStars Hand #254484435865:  Hold'em No Limit ($0.50/$1.00 USD) - 2025/01/21 15:16:57 WET [2025/01/21 10:16:57 ET]
Table 'Thule IV' 6-max Seat #2 is the button
Seat 6: ilian_ivanov88 ($101.60 in chips) is sitting out
Seat 2: fiolek8 ($89.38 in chips) 
Seat 4: Unipoker11 ($100 in chips) 
Seat 5: AlexEliseev7 ($179.09 in chips) 
Unipoker11: posts small blind $0.50
AlexEliseev7: posts big blind $1
*** HOLE CARDS ***
fiolek8: raises $2 to $3
Unipoker11: folds 
AlexEliseev7: folds 
Uncalled bet ($2) returned to fiolek8
fiolek8 collected $2.50 from pot
*** SUMMARY ***
Total pot $2.50 | Rake $0 
Seat 6: ilian_ivanov88
Seat 2: fiolek8 (button) collected ($2.50)
Seat 4: Unipoker11 (small blind) folded before Flop
Seat 5: AlexEliseev7 (big blind) folded before Flop



PokerStars Hand #254484440009:  Hold'em No Limit ($0.50/$1.00 USD) - 2025/01/21 15:17:17 WET [2025/01/21 10:17:17 ET]
Table 'Thule IV' 6-max Seat #5 is the button
Seat 2: fiolek8 ($90.88 in chips) is sitting out
Seat 6: ilian_ivanov88 ($101.60 in chips) is sitting out
Seat 4: Unipoker11 ($100 in chips) 
Seat 5: AlexEliseev7 ($178.09 in chips) 
AlexEliseev7: posts small blind $0.50
fiolek8: is sitting out 
Unipoker11: posts big blind $1
*** HOLE CARDS ***
AlexEliseev7: raises $1.50 to $2.50
Unipoker11: folds 
Uncalled bet ($1.50) returned to AlexEliseev7
AlexEliseev7 collected $2 from pot
AlexEliseev7: doesn't show hand 
*** SUMMARY ***
Total pot $2 | Rake $0 
Seat 2: fiolek8
Seat 6: ilian_ivanov88
Seat 4: Unipoker11 (big blind) folded before Flop
Seat 5: AlexEliseev7 (button) (small blind) collected ($2)



PokerStars Hand #254484441664:  Hold'em No Limit ($0.50/$1.00 USD) - 2025/01/21 15:17:25 WET [2025/01/21 10:17:25 ET]
Table 'Thule IV' 6-max Seat #4 is the button
Seat 2: fiolek8 ($90.88 in chips) is sitting out
Seat 6: ilian_ivanov88 ($101.60 in chips) is sitting out
Seat 4: Unipoker11 ($100 in chips) 
Seat 5: AlexEliseev7 ($179.09 in chips) 
Unipoker11: posts small blind $0.50
AlexEliseev7: posts big blind $1
*** HOLE CARDS ***
Unipoker11: folds 
Uncalled bet ($0.50) returned to AlexEliseev7
AlexEliseev7 collected $1 from pot
AlexEliseev7: doesn't show hand 
*** SUMMARY ***
Total pot $1 | Rake $0 
Seat 2: fiolek8
Seat 6: ilian_ivanov88
Seat 4: Unipoker11 (button) (small blind) folded before Flop
Seat 5: AlexEliseev7 (big blind) collected ($1)



PokerStars Hand #254484458250:  Hold'em No Limit ($0.50/$1.00 USD) - 2025/01/21 15:18:48 WET [2025/01/21 10:18:48 ET]
Table 'Thule IV' 6-max Seat #1 is the button
Seat 6: ilian_ivanov88 ($101.60 in chips) is sitting out
Seat 1: Unipoker11 ($100 in chips) 
Seat 4: fobot21 ($100 in chips) 
Unipoker11: posts small blind $0.50
fobot21: posts big blind $1
*** HOLE CARDS ***
Unipoker11: raises $1.50 to $2.50
fobot21: folds 
Uncalled bet ($1.50) returned to Unipoker11
Unipoker11 collected $2 from pot
Unipoker11: doesn't show hand 
*** SUMMARY ***
Total pot $2 | Rake $0 
Seat 6: ilian_ivanov88
Seat 1: Unipoker11 (button) (small blind) collected ($2)
Seat 4: fobot21 (big blind) folded before Flop



PokerStars Hand #254484524675:  Hold'em No Limit ($0.50/$1.00 USD) - 2025/01/21 15:24:15 WET [2025/01/21 10:24:15 ET]
Table 'Thule IV' 6-max Seat #2 is the button
Seat 2: camilinho UC ($10 in chips) 
Seat 4: fobot21 ($100 in chips) 
camilinho UC: posts small blind $0.50
fobot21: posts big blind $1
*** HOLE CARDS ***
camilinho UC: folds 
Uncalled bet ($0.50) returned to fobot21
fobot21 collected $1 from pot
fobot21: doesn't show hand 
*** SUMMARY ***
Total pot $1 | Rake $0 
Seat 2: camilinho UC (button) (small blind) folded before Flop
Seat 4: fobot21 (big blind) collected ($1)



PokerStars Hand #254484525874:  Hold'em No Limit ($0.50/$1.00 USD) - 2025/01/21 15:24:21 WET [2025/01/21 10:24:21 ET]
Table 'Thule IV' 6-max Seat #4 is the button
Seat 2: camilinho UC ($9.50 in chips) 
Seat 4: fobot21 ($100.50 in chips) 
fobot21: posts small blind $0.50
camilinho UC: posts big blind $1
*** HOLE CARDS ***
fobot21: folds 
Uncalled bet ($0.50) returned to camilinho UC
camilinho UC collected $1 from pot
camilinho UC: doesn't show hand 
*** SUMMARY ***
Total pot $1 | Rake $0 
Seat 2: camilinho UC (big blind) collected ($1)
Seat 4: fobot21 (button) (small blind) folded before Flop



PokerStars Hand #254484527045:  Hold'em No Limit ($0.50/$1.00 USD) - 2025/01/21 15:24:27 WET [2025/01/21 10:24:27 ET]
Table 'Thule IV' 6-max Seat #2 is the button
Seat 2: camilinho UC ($10 in chips) 
Seat 4: fobot21 ($100 in chips) 
camilinho UC: posts small blind $0.50
fobot21: posts big blind $1
*** HOLE CARDS ***
camilinho UC: calls $0.50
fobot21: checks 
*** FLOP *** [2c 3d 4d]
fobot21: checks 
camilinho UC: checks 
*** TURN *** [2c 3d 4d] [9d]
fobot21: bets $1
camilinho UC: folds 
Uncalled bet ($1) returned to fobot21
fobot21 collected $1.90 from pot
fobot21: doesn't show hand 
*** SUMMARY ***
Total pot $2 | Rake $0.10 
Board [2c 3d 4d 9d]
Seat 2: camilinho UC (button) (small blind) folded on the Turn
Seat 4: fobot21 (big blind) collected ($1.90)



PokerStars Hand #254484530846:  Hold'em No Limit ($0.50/$1.00 USD) - 2025/01/21 15:24:45 WET [2025/01/21 10:24:45 ET]
Table 'Thule IV' 6-max Seat #4 is the button
Seat 2: camilinho UC ($9 in chips) 
Seat 4: fobot21 ($100.90 in chips) 
fobot21: posts small blind $0.50
camilinho UC: posts big blind $1
*** HOLE CARDS ***
fobot21: raises $32.52 to $33.52
camilinho UC: calls $8 and is all-in
Uncalled bet ($24.52) returned to fobot21
*** FLOP *** [8h Th Ac]
*** TURN *** [8h Th Ac] [Ah]
*** RIVER *** [8h Th Ac Ah] [9h]
*** SHOW DOWN ***
camilinho UC: shows [Kc 2h] (a flush, Ace high)
fobot21: shows [Kh Jd] (a flush, Ace high - King higher)
fobot21 collected $17.10 from pot
*** SUMMARY ***
Total pot $18 | Rake $0.90 
Board [8h Th Ac Ah 9h]
Seat 2: camilinho UC (big blind) showed [Kc 2h] and lost with a flush, Ace high
Seat 4: fobot21 (button) (small blind) showed [Kh Jd] and won ($17.10) with a flush, Ace high



PokerStars Hand #254484604060:  Hold'em No Limit ($0.50/$1.00 USD) - 2025/01/21 15:30:39 WET [2025/01/21 10:30:39 ET]
Table 'Thule IV' 6-max Seat #6 is the button
Seat 1: KarP93 ($100 in chips) is sitting out
Seat 2: Gfoer ($100 in chips) 
Seat 4: fobot21 ($109 in chips) 
Seat 6: camilinho UC ($12 in chips) 
Gfoer: posts small blind $0.50
fobot21: posts big blind $1
*** HOLE CARDS ***
camilinho UC: folds 
Gfoer: folds 
Uncalled bet ($0.50) returned to fobot21
fobot21 collected $1 from pot
fobot21: doesn't show hand 
*** SUMMARY ***
Total pot $1 | Rake $0 
Seat 1: KarP93
Seat 2: Gfoer (small blind) folded before Flop
Seat 4: fobot21 (big blind) collected ($1)
Seat 6: camilinho UC (button) folded before Flop (didn't bet)



PokerStars Hand #254484607995:  Hold'em No Limit ($0.50/$1.00 USD) - 2025/01/21 15:30:58 WET [2025/01/21 10:30:58 ET]
Table 'Thule IV' 6-max Seat #4 is the button
Seat 1: KarP93 ($100 in chips) is sitting out
Seat 6: camilinho UC ($12 in chips) is sitting out
Seat 2: Gfoer ($100 in chips) 
Seat 4: fobot21 ($109.50 in chips) 
fobot21: posts small blind $0.50
camilinho UC is disconnected 
camilinho UC has timed out while disconnected
camilinho UC: is sitting out 
Gfoer: posts big blind $1
*** HOLE CARDS ***
fobot21: folds 
Uncalled bet ($0.50) returned to Gfoer
Gfoer collected $1 from pot
Gfoer: doesn't show hand 
*** SUMMARY ***
Total pot $1 | Rake $0 
Seat 1: KarP93
Seat 6: camilinho UC
Seat 2: Gfoer (big blind) collected ($1)
Seat 4: fobot21 (button) (small blind) folded before Flop



PokerStars Hand #254484611109:  Hold'em No Limit ($0.50/$1.00 USD) - 2025/01/21 15:31:13 WET [2025/01/21 10:31:13 ET]
Table 'Thule IV' 6-max Seat #2 is the button
Seat 1: KarP93 ($100 in chips) is sitting out
Seat 2: Gfoer ($100.50 in chips) 
Seat 4: fobot21 ($109 in chips) 
Seat 6: camilinho UC ($12 in chips) 
fobot21: posts small blind $0.50
camilinho UC: posts big blind $1
*** HOLE CARDS ***
Gfoer: folds 
fobot21: folds 
Uncalled bet ($0.50) returned to camilinho UC
camilinho UC collected $1 from pot
camilinho UC: doesn't show hand 
*** SUMMARY ***
Total pot $1 | Rake $0 
Seat 1: KarP93
Seat 2: Gfoer (button) folded before Flop (didn't bet)
Seat 4: fobot21 (small blind) folded before Flop
Seat 6: camilinho UC (big blind) collected ($1)



PokerStars Hand #254484612630:  Hold'em No Limit ($0.50/$1.00 USD) - 2025/01/21 15:31:20 WET [2025/01/21 10:31:20 ET]
Table 'Thule IV' 6-max Seat #6 is the button
Seat 1: KarP93 ($100 in chips) is sitting out
Seat 2: Gfoer ($100.50 in chips) is sitting out
Seat 4: fobot21 ($108.50 in chips) 
Seat 6: camilinho UC ($12.50 in chips) 
camilinho UC: posts small blind $0.50
Gfoer: is sitting out 
fobot21: posts big blind $1
*** HOLE CARDS ***
Gfoer leaves the table
camilinho UC: folds 
Uncalled bet ($0.50) returned to fobot21
fobot21 collected $1 from pot
fobot21: doesn't show hand 
*** SUMMARY ***
Total pot $1 | Rake $0 
Seat 1: KarP93
Seat 2: Gfoer
Seat 4: fobot21 (big blind) collected ($1)
Seat 6: camilinho UC (button) (small blind) folded before Flop



PokerStars Hand #254484614134:  Hold'em No Limit ($0.50/$1.00 USD) - 2025/01/21 15:31:27 WET [2025/01/21 10:31:27 ET]
Table 'Thule IV' 6-max Seat #4 is the button
Seat 1: KarP93 ($100 in chips) is sitting out
Seat 4: fobot21 ($109 in chips) 
Seat 6: camilinho UC ($12 in chips) 
fobot21: posts small blind $0.50
camilinho UC: posts big blind $1
*** HOLE CARDS ***
fobot21: raises $45.01 to $46.01
camilinho UC: calls $11 and is all-in
Uncalled bet ($34.01) returned to fobot21
*** FLOP *** [Ah 7s 5d]
*** TURN *** [Ah 7s 5d] [9h]
*** RIVER *** [Ah 7s 5d 9h] [8h]
*** SHOW DOWN ***
camilinho UC: shows [2c Kc] (high card Ace)
fobot21: shows [Kh Qc] (high card Ace - King+Queen kicker)
fobot21 collected $23 from pot
*** SUMMARY ***
Total pot $24 | Rake $1 
Board [Ah 7s 5d 9h 8h]
Seat 1: KarP93
Seat 4: fobot21 (button) (small blind) showed [Kh Qc] and won ($23) with high card Ace
Seat 6: camilinho UC (big blind) showed [2c Kc] and lost with high card Ace



PokerStars Hand #254485059580:  Hold'em No Limit ($0.50/$1.00 USD) - 2025/01/21 16:07:49 WET [2025/01/21 11:07:49 ET]
Table 'Thule IV' 6-max Seat #1 is the button
Seat 1: Eredar5 ($100 in chips) 
Seat 2: blistein ($103.65 in chips) 
Seat 3: mr.Jckpot ($107.60 in chips) 
Seat 4: v.sting ($102.72 in chips) 
Seat 5: radu10101 ($123.50 in chips) 
Seat 6: yzuk ($108.08 in chips) 
blistein: posts small blind $0.50
mr.Jckpot: posts big blind $1
*** HOLE CARDS ***
v.sting: folds 
radu10101: calls $1
yzuk: folds 
Eredar5: raises $3 to $4
blistein: folds 
mr.Jckpot: raises $10 to $14
radu10101: folds 
Eredar5: folds 
Uncalled bet ($10) returned to mr.Jckpot
mr.Jckpot collected $9.50 from pot
mr.Jckpot: doesn't show hand 
*** SUMMARY ***
Total pot $9.50 | Rake $0 
Seat 1: Eredar5 (button) folded before Flop
Seat 2: blistein (small blind) folded before Flop
Seat 3: mr.Jckpot (big blind) collected ($9.50)
Seat 4: v.sting folded before Flop (didn't bet)
Seat 5: radu10101 folded before Flop
Seat 6: yzuk folded before Flop (didn't bet)



PokerStars Hand #254485064413:  Hold'em No Limit ($0.50/$1.00 USD) - 2025/01/21 16:08:12 WET [2025/01/21 11:08:12 ET]
Table 'Thule IV' 6-max Seat #2 is the button
Seat 1: Eredar5 ($100 in chips) 
Seat 2: blistein ($103.15 in chips) 
Seat 3: mr.Jckpot ($113.10 in chips) 
Seat 4: v.sting ($102.72 in chips) 
Seat 5: radu10101 ($122.50 in chips) 
Seat 6: yzuk ($108.08 in chips) 
mr.Jckpot: posts small blind $0.50
v.sting: posts big blind $1
*** HOLE CARDS ***
radu10101: calls $1
yzuk: raises $3 to $4
Eredar5: folds 
blistein: folds 
mr.Jckpot: folds 
v.sting: folds 
radu10101: calls $3
*** FLOP *** [Ks 4s 9c]
radu10101: checks 
yzuk: bets $4.60
radu10101: folds 
Uncalled bet ($4.60) returned to yzuk
yzuk collected $9.02 from pot
yzuk: doesn't show hand 
*** SUMMARY ***
Total pot $9.50 | Rake $0.48 
Board [Ks 4s 9c]
Seat 1: Eredar5 folded before Flop (didn't bet)
Seat 2: blistein (button) folded before Flop (didn't bet)
Seat 3: mr.Jckpot (small blind) folded before Flop
Seat 4: v.sting (big blind) folded before Flop
Seat 5: radu10101 folded on the Flop
Seat 6: yzuk collected ($9.02)



PokerStars Hand #254485071525:  Hold'em No Limit ($0.50/$1.00 USD) - 2025/01/21 16:08:45 WET [2025/01/21 11:08:45 ET]
Table 'Thule IV' 6-max Seat #3 is the button
Seat 1: Eredar5 ($100 in chips) 
Seat 2: blistein ($103.15 in chips) 
Seat 3: mr.Jckpot ($112.60 in chips) 
Seat 4: v.sting ($101.72 in chips) 
Seat 5: radu10101 ($118.50 in chips) 
Seat 6: yzuk ($113.10 in chips) 
v.sting: posts small blind $0.50
radu10101: posts big blind $1
*** HOLE CARDS ***
yzuk has timed out
yzuk: folds 
Eredar5: folds 
blistein: folds 
mr.Jckpot: folds 
v.sting: folds 
Uncalled bet ($0.50) returned to radu10101
radu10101 collected $1 from pot
*** SUMMARY ***
Total pot $1 | Rake $0 
Seat 1: Eredar5 folded before Flop (didn't bet)
Seat 2: blistein folded before Flop (didn't bet)
Seat 3: mr.Jckpot (button) folded before Flop (didn't bet)
Seat 4: v.sting (small blind) folded before Flop
Seat 5: radu10101 (big blind) collected ($1)
Seat 6: yzuk folded before Flop (didn't bet)



PokerStars Hand #254485076209:  Hold'em No Limit ($0.50/$1.00 USD) - 2025/01/21 16:09:07 WET [2025/01/21 11:09:07 ET]
Table 'Thule IV' 6-max Seat #4 is the button
Seat 1: Eredar5 ($100 in chips) 
Seat 2: blistein ($103.15 in chips) 
Seat 3: mr.Jckpot ($112.60 in chips) 
Seat 4: v.sting ($101.22 in chips) 
Seat 5: radu10101 ($119 in chips) 
Seat 6: yzuk ($113.10 in chips) 
radu10101: posts small blind $0.50
yzuk: posts big blind $1
*** HOLE CARDS ***
Eredar5: folds 
blistein: folds 
mr.Jckpot: folds 
v.sting: raises $1.10 to $2.10
radu10101: folds 
yzuk: folds 
Uncalled bet ($1.10) returned to v.sting
v.sting collected $2.50 from pot
v.sting: doesn't show hand 
*** SUMMARY ***
Total pot $2.50 | Rake $0 
Seat 1: Eredar5 folded before Flop (didn't bet)
Seat 2: blistein folded before Flop (didn't bet)
Seat 3: mr.Jckpot folded before Flop (didn't bet)
Seat 4: v.sting (button) collected ($2.50)
Seat 5: radu10101 (small blind) folded before Flop
Seat 6: yzuk (big blind) folded before Flop



PokerStars Hand #254485080023:  Hold'em No Limit ($0.50/$1.00 USD) - 2025/01/21 16:09:24 WET [2025/01/21 11:09:24 ET]
Table 'Thule IV' 6-max Seat #5 is the button
Seat 1: Eredar5 ($100 in chips) 
Seat 2: blistein ($103.15 in chips) 
Seat 3: mr.Jckpot ($112.60 in chips) 
Seat 4: v.sting ($102.72 in chips) 
Seat 5: radu10101 ($118.50 in chips) 
Seat 6: yzuk ($112.10 in chips) 
yzuk: posts small blind $0.50
Eredar5: posts big blind $1
*** HOLE CARDS ***
blistein: folds 
mr.Jckpot: folds 
v.sting: raises $1.50 to $2.50
radu10101: calls $2.50
yzuk: raises $11.50 to $14
Eredar5: folds 
v.sting: folds 
radu10101: folds 
Uncalled bet ($11.50) returned to yzuk
yzuk collected $8.50 from pot
yzuk: doesn't show hand 
*** SUMMARY ***
Total pot $8.50 | Rake $0 
Seat 1: Eredar5 (big blind) folded before Flop
Seat 2: blistein folded before Flop (didn't bet)
Seat 3: mr.Jckpot folded before Flop (didn't bet)
Seat 4: v.sting folded before Flop
Seat 5: radu10101 (button) folded before Flop
Seat 6: yzuk (small blind) collected ($8.50)



PokerStars Hand #254485084601:  Hold'em No Limit ($0.50/$1.00 USD) - 2025/01/21 16:09:46 WET [2025/01/21 11:09:46 ET]
Table 'Thule IV' 6-max Seat #6 is the button
Seat 1: Eredar5 ($100 in chips) 
Seat 2: blistein ($103.15 in chips) 
Seat 3: mr.Jckpot ($112.60 in chips) 
Seat 4: v.sting ($100.22 in chips) 
Seat 5: radu10101 ($116 in chips) 
Seat 6: yzuk ($118.10 in chips) 
Eredar5: posts small blind $0.50
blistein: posts big blind $1
*** HOLE CARDS ***
mr.Jckpot: folds 
v.sting: folds 
radu10101: folds 
yzuk: folds 
Eredar5: folds 
Uncalled bet ($0.50) returned to blistein
blistein collected $1 from pot
blistein: doesn't show hand 
*** SUMMARY ***
Total pot $1 | Rake $0 
Seat 1: Eredar5 (small blind) folded before Flop
Seat 2: blistein (big blind) collected ($1)
Seat 3: mr.Jckpot folded before Flop (didn't bet)
Seat 4: v.sting folded before Flop (didn't bet)
Seat 5: radu10101 folded before Flop (didn't bet)
Seat 6: yzuk (button) folded before Flop (didn't bet)



PokerStars Hand #254485087906:  Hold'em No Limit ($0.50/$1.00 USD) - 2025/01/21 16:10:01 WET [2025/01/21 11:10:01 ET]
Table 'Thule IV' 6-max Seat #1 is the button
Seat 1: Eredar5 ($100 in chips) 
Seat 2: blistein ($103.65 in chips) 
Seat 3: mr.Jckpot ($112.60 in chips) 
Seat 4: v.sting ($100.22 in chips) 
Seat 5: radu10101 ($116 in chips) 
Seat 6: yzuk ($118.10 in chips) 
blistein: posts small blind $0.50
mr.Jckpot: posts big blind $1
*** HOLE CARDS ***
v.sting: folds 
radu10101: folds 
yzuk: folds 
Eredar5: folds 
blistein: folds 
Uncalled bet ($0.50) returned to mr.Jckpot
mr.Jckpot collected $1 from pot
mr.Jckpot: doesn't show hand 
*** SUMMARY ***
Total pot $1 | Rake $0 
Seat 1: Eredar5 (button) folded before Flop (didn't bet)
Seat 2: blistein (small blind) folded before Flop
Seat 3: mr.Jckpot (big blind) collected ($1)
Seat 4: v.sting folded before Flop (didn't bet)
Seat 5: radu10101 folded before Flop (didn't bet)
Seat 6: yzuk folded before Flop (didn't bet)



PokerStars Hand #254485090656:  Hold'em No Limit ($0.50/$1.00 USD) - 2025/01/21 16:10:13 WET [2025/01/21 11:10:13 ET]
Table 'Thule IV' 6-max Seat #2 is the button
Seat 1: Eredar5 ($100 in chips) 
Seat 2: blistein ($103.15 in chips) 
Seat 3: mr.Jckpot ($113.10 in chips) 
Seat 4: v.sting ($100.22 in chips) 
Seat 5: radu10101 ($116 in chips) 
Seat 6: yzuk ($118.10 in chips) 
mr.Jckpot: posts small blind $0.50
v.sting: posts big blind $1
*** HOLE CARDS ***
radu10101: folds 
yzuk: folds 
Eredar5: folds 
blistein: folds 
mr.Jckpot: raises $2 to $3
v.sting: raises $7.50 to $10.50
mr.Jckpot: calls $7.50
*** FLOP *** [4c 3s 5h]
mr.Jckpot: checks 
v.sting: bets $6.58
mr.Jckpot: calls $6.58
*** TURN *** [4c 3s 5h] [7c]
mr.Jckpot: checks 
v.sting: checks 
*** RIVER *** [4c 3s 5h 7c] [6c]
mr.Jckpot: checks 
v.sting: checks 
*** SHOW DOWN ***
mr.Jckpot: shows [7h 7d] (a straight, Three to Seven)
v.sting: shows [Ks Kd] (a straight, Three to Seven)
mr.Jckpot collected $16.23 from pot
v.sting collected $16.22 from pot
*** SUMMARY ***
Total pot $34.16 | Rake $1.71 
Board [4c 3s 5h 7c 6c]
Seat 1: Eredar5 folded before Flop (didn't bet)
Seat 2: blistein (button) folded before Flop (didn't bet)
Seat 3: mr.Jckpot (small blind) showed [7h 7d] and won ($16.23) with a straight, Three to Seven
Seat 4: v.sting (big blind) showed [Ks Kd] and won ($16.22) with a straight, Three to Seven
Seat 5: radu10101 folded before Flop (didn't bet)
Seat 6: yzuk folded before Flop (didn't bet)



PokerStars Hand #254485100231:  Hold'em No Limit ($0.50/$1.00 USD) - 2025/01/21 16:10:57 WET [2025/01/21 11:10:57 ET]
Table 'Thule IV' 6-max Seat #3 is the button
Seat 1: Eredar5 ($100 in chips) 
Seat 2: blistein ($103.15 in chips) 
Seat 3: mr.Jckpot ($112.25 in chips) 
Seat 4: v.sting ($100 in chips) 
Seat 5: radu10101 ($116 in chips) 
Seat 6: yzuk ($118.10 in chips) 
v.sting: posts small blind $0.50
radu10101: posts big blind $1
*** HOLE CARDS ***
yzuk has timed out
yzuk: folds 
Eredar5: folds 
blistein: folds 
mr.Jckpot: folds 
v.sting: raises $2 to $3
radu10101: folds 
Uncalled bet ($2) returned to v.sting
v.sting collected $2 from pot
v.sting: doesn't show hand 
*** SUMMARY ***
Total pot $2 | Rake $0 
Seat 1: Eredar5 folded before Flop (didn't bet)
Seat 2: blistein folded before Flop (didn't bet)
Seat 3: mr.Jckpot (button) folded before Flop (didn't bet)
Seat 4: v.sting (small blind) collected ($2)
Seat 5: radu10101 (big blind) folded before Flop
Seat 6: yzuk folded before Flop (didn't bet)



PokerStars Hand #254485103987:  Hold'em No Limit ($0.50/$1.00 USD) - 2025/01/21 16:11:14 WET [2025/01/21 11:11:14 ET]
Table 'Thule IV' 6-max Seat #4 is the button
Seat 1: Eredar5 ($100 in chips) 
Seat 2: blistein ($103.15 in chips) 
Seat 3: mr.Jckpot ($112.25 in chips) 
Seat 4: v.sting ($101 in chips) 
Seat 5: radu10101 ($115 in chips) 
Seat 6: yzuk ($118.10 in chips) 
radu10101: posts small blind $0.50
yzuk: posts big blind $1
*** HOLE CARDS ***
Eredar5: raises $2 to $3
blistein: folds 
mr.Jckpot: folds 
v.sting: raises $7.50 to $10.50
radu10101: folds 
yzuk: folds 
Eredar5: folds 
Uncalled bet ($7.50) returned to v.sting
v.sting collected $7.50 from pot
v.sting: doesn't show hand 
*** SUMMARY ***
Total pot $7.50 | Rake $0 
Seat 1: Eredar5 folded before Flop
Seat 2: blistein folded before Flop (didn't bet)
Seat 3: mr.Jckpot folded before Flop (didn't bet)
Seat 4: v.sting (button) collected ($7.50)
Seat 5: radu10101 (small blind) folded before Flop
Seat 6: yzuk (big blind) folded before Flop



PokerStars Hand #254485109757:  Hold'em No Limit ($0.50/$1.00 USD) - 2025/01/21 16:11:40 WET [2025/01/21 11:11:40 ET]
Table 'Thule IV' 6-max Seat #5 is the button
Seat 1: Eredar5 ($100 in chips) is sitting out
Seat 2: blistein ($103.15 in chips) 
Seat 3: mr.Jckpot ($112.25 in chips) 
Seat 4: v.sting ($105.50 in chips) 
Seat 5: radu10101 ($114.50 in chips) 
Seat 6: yzuk ($117.10 in chips) 
yzuk: posts small blind $0.50
Eredar5: is sitting out 
blistein: posts big blind $1
*** HOLE CARDS ***
Eredar5 leaves the table
mr.Jckpot: folds 
v.sting: folds 
radu10101: folds 
RAidakCo joins the table at seat #1 
yzuk: folds 
Uncalled bet ($0.50) returned to blistein
blistein collected $1 from pot
blistein: doesn't show hand 
*** SUMMARY ***
Total pot $1 | Rake $0 
Seat 1: Eredar5
Seat 2: blistein (big blind) collected ($1)
Seat 3: mr.Jckpot folded before Flop (didn't bet)
Seat 4: v.sting folded before Flop (didn't bet)
Seat 5: radu10101 (button) folded before Flop (didn't bet)
Seat 6: yzuk (small blind) folded before Flop



PokerStars Hand #254485112355:  Hold'em No Limit ($0.50/$1.00 USD) - 2025/01/21 16:11:52 WET [2025/01/21 11:11:52 ET]
Table 'Thule IV' 6-max Seat #6 is the button
Seat 1: RAidakCo ($100 in chips) is sitting out
Seat 2: blistein ($103.65 in chips) 
Seat 3: mr.Jckpot ($112.25 in chips) 
Seat 4: v.sting ($105.50 in chips) 
Seat 5: radu10101 ($114.50 in chips) 
Seat 6: yzuk ($116.60 in chips) 
blistein: posts small blind $0.50
mr.Jckpot: posts big blind $1
*** HOLE CARDS ***
v.sting: folds 
radu10101: calls $1
yzuk: folds 
blistein: calls $0.50
mr.Jckpot: checks 
*** FLOP *** [8s Ad 3h]
blistein: checks 
mr.Jckpot: checks 
radu10101: checks 
*** TURN *** [8s Ad 3h] [Qc]
blistein: checks 
mr.Jckpot: checks 
radu10101: checks 
*** RIVER *** [8s Ad 3h Qc] [2d]
blistein: checks 
mr.Jckpot: checks 
radu10101: checks 
*** SHOW DOWN ***
blistein: shows [Jh 9h] (high card Ace)
mr.Jckpot: shows [7s 2c] (a pair of Deuces)
radu10101: mucks hand 
mr.Jckpot collected $2.85 from pot
*** SUMMARY ***
Total pot $3 | Rake $0.15 
Board [8s Ad 3h Qc 2d]
Seat 1: RAidakCo
Seat 2: blistein (small blind) showed [Jh 9h] and lost with high card Ace
Seat 3: mr.Jckpot (big blind) showed [7s 2c] and won ($2.85) with a pair of Deuces
Seat 4: v.sting folded before Flop (didn't bet)
Seat 5: radu10101 mucked
Seat 6: yzuk (button) folded before Flop (didn't bet)



PokerStars Hand #254485119096:  Hold'em No Limit ($0.50/$1.00 USD) - 2025/01/21 16:12:22 WET [2025/01/21 11:12:22 ET]
Table 'Thule IV' 6-max Seat #2 is the button
Seat 1: RAidakCo ($100 in chips) is sitting out
Seat 2: blistein ($102.65 in chips) 
Seat 3: mr.Jckpot ($114.10 in chips) 
Seat 4: v.sting ($105.50 in chips) 
Seat 5: radu10101 ($113.50 in chips) 
Seat 6: yzuk ($116.60 in chips) 
mr.Jckpot: posts small blind $0.50
v.sting: posts big blind $1
RAidakCo: sits out 
*** HOLE CARDS ***
radu10101: folds 
yzuk: folds 
blistein: raises $1.50 to $2.50
mr.Jckpot: folds 
v.sting: folds 
Uncalled bet ($1.50) returned to blistein
blistein collected $2.50 from pot
blistein: doesn't show hand 
*** SUMMARY ***
Total pot $2.50 | Rake $0 
Seat 1: RAidakCo
Seat 2: blistein (button) collected ($2.50)
Seat 3: mr.Jckpot (small blind) folded before Flop
Seat 4: v.sting (big blind) folded before Flop
Seat 5: radu10101 folded before Flop (didn't bet)
Seat 6: yzuk folded before Flop (didn't bet)



PokerStars Hand #254485122522:  Hold'em No Limit ($0.50/$1.00 USD) - 2025/01/21 16:12:38 WET [2025/01/21 11:12:38 ET]
Table 'Thule IV' 6-max Seat #3 is the button
Seat 1: RAidakCo ($100 in chips) is sitting out
Seat 2: blistein ($104.15 in chips) 
Seat 3: mr.Jckpot ($113.60 in chips) 
Seat 4: v.sting ($104.50 in chips) 
Seat 5: radu10101 ($113.50 in chips) 
Seat 6: yzuk ($116.60 in chips) 
v.sting: posts small blind $0.50
radu10101: posts big blind $1
RAidakCo: sits out 
*** HOLE CARDS ***
yzuk: folds 
blistein: folds 
mr.Jckpot: raises $1.50 to $2.50
v.sting: folds 
radu10101: calls $1.50
*** FLOP *** [6d As 5s]
radu10101: bets $2
mr.Jckpot: folds 
Uncalled bet ($2) returned to radu10101
radu10101 collected $5.22 from pot
*** SUMMARY ***
Total pot $5.50 | Rake $0.28 
Board [6d As 5s]
Seat 1: RAidakCo
Seat 2: blistein folded before Flop (didn't bet)
Seat 3: mr.Jckpot (button) folded on the Flop
Seat 4: v.sting (small blind) folded before Flop
Seat 5: radu10101 (big blind) collected ($5.22)
Seat 6: yzuk folded before Flop (didn't bet)



PokerStars Hand #254485127042:  Hold'em No Limit ($0.50/$1.00 USD) - 2025/01/21 16:12:59 WET [2025/01/21 11:12:59 ET]
Table 'Thule IV' 6-max Seat #4 is the button
Seat 1: RAidakCo ($100 in chips) is sitting out
Seat 2: blistein ($104.15 in chips) 
Seat 3: mr.Jckpot ($111.10 in chips) 
Seat 4: v.sting ($104 in chips) 
Seat 5: radu10101 ($116.22 in chips) 
Seat 6: yzuk ($116.60 in chips) 
radu10101: posts small blind $0.50
yzuk: posts big blind $1
RAidakCo: sits out 
*** HOLE CARDS ***
blistein: raises $1.20 to $2.20
mr.Jckpot: folds 
v.sting: folds 
radu10101: raises $1.20 to $3.40
yzuk: folds 
blistein: calls $1.20
*** FLOP *** [8s Ah 6c]
radu10101: bets $3
blistein: folds 
Uncalled bet ($3) returned to radu10101
radu10101 collected $7.41 from pot
*** SUMMARY ***
Total pot $7.80 | Rake $0.39 
Board [8s Ah 6c]
Seat 1: RAidakCo
Seat 2: blistein folded on the Flop
Seat 3: mr.Jckpot folded before Flop (didn't bet)
Seat 4: v.sting (button) folded before Flop (didn't bet)
Seat 5: radu10101 (small blind) collected ($7.41)
Seat 6: yzuk (big blind) folded before Flop



PokerStars Hand #254485131955:  Hold'em No Limit ($0.50/$1.00 USD) - 2025/01/21 16:13:22 WET [2025/01/21 11:13:22 ET]
Table 'Thule IV' 6-max Seat #5 is the button
Seat 1: RAidakCo ($100 in chips) 
Seat 2: blistein ($100.75 in chips) 
Seat 3: mr.Jckpot ($111.10 in chips) 
Seat 4: v.sting ($104 in chips) 
Seat 5: radu10101 ($120.23 in chips) 
Seat 6: yzuk ($115.60 in chips) 
yzuk: posts small blind $0.50
RAidakCo: posts big blind $1
*** HOLE CARDS ***
blistein: folds 
mr.Jckpot: folds 
v.sting: folds 
radu10101: calls $1
yzuk: raises $3 to $4
RAidakCo: folds 
radu10101: folds 
Uncalled bet ($3) returned to yzuk
yzuk collected $3 from pot
yzuk: doesn't show hand 
*** SUMMARY ***
Total pot $3 | Rake $0 
Seat 1: RAidakCo (big blind) folded before Flop
Seat 2: blistein folded before Flop (didn't bet)
Seat 3: mr.Jckpot folded before Flop (didn't bet)
Seat 4: v.sting folded before Flop (didn't bet)
Seat 5: radu10101 (button) folded before Flop
Seat 6: yzuk (small blind) collected ($3)



PokerStars Hand #254485135677:  Hold'em No Limit ($0.50/$1.00 USD) - 2025/01/21 16:13:39 WET [2025/01/21 11:13:39 ET]
Table 'Thule IV' 6-max Seat #6 is the button
Seat 1: RAidakCo ($100 in chips) 
Seat 2: blistein ($100.75 in chips) 
Seat 3: mr.Jckpot ($111.10 in chips) 
Seat 4: v.sting ($104 in chips) 
Seat 5: radu10101 ($119.23 in chips) 
Seat 6: yzuk ($117.60 in chips) 
RAidakCo: posts small blind $0.50
blistein: posts big blind $1
*** HOLE CARDS ***
mr.Jckpot: raises $1.50 to $2.50
v.sting: folds 
radu10101: folds 
yzuk: folds 
RAidakCo: folds 
blistein: folds 
Uncalled bet ($1.50) returned to mr.Jckpot
mr.Jckpot collected $2.50 from pot
mr.Jckpot: doesn't show hand 
*** SUMMARY ***
Total pot $2.50 | Rake $0 
Seat 1: RAidakCo (small blind) folded before Flop
Seat 2: blistein (big blind) folded before Flop
Seat 3: mr.Jckpot collected ($2.50)
Seat 4: v.sting folded before Flop (didn't bet)
Seat 5: radu10101 folded before Flop (didn't bet)
Seat 6: yzuk (button) folded before Flop (didn't bet)



PokerStars Hand #254485139291:  Hold'em No Limit ($0.50/$1.00 USD) - 2025/01/21 16:13:55 WET [2025/01/21 11:13:55 ET]
Table 'Thule IV' 6-max Seat #1 is the button
Seat 1: RAidakCo ($100 in chips) 
Seat 2: blistein ($100 in chips) 
Seat 3: mr.Jckpot ($112.60 in chips) 
Seat 4: v.sting ($104 in chips) 
Seat 5: radu10101 ($119.23 in chips) 
Seat 6: yzuk ($117.60 in chips) 
blistein: posts small blind $0.50
mr.Jckpot: posts big blind $1
*** HOLE CARDS ***
v.sting: raises $1.50 to $2.50
radu10101: folds 
yzuk: folds 
RAidakCo: folds 
blistein: folds 
mr.Jckpot: folds 
Uncalled bet ($1.50) returned to v.sting
v.sting collected $2.50 from pot
v.sting: doesn't show hand 
*** SUMMARY ***
Total pot $2.50 | Rake $0 
Seat 1: RAidakCo (button) folded before Flop (didn't bet)
Seat 2: blistein (small blind) folded before Flop
Seat 3: mr.Jckpot (big blind) folded before Flop
Seat 4: v.sting collected ($2.50)
Seat 5: radu10101 folded before Flop (didn't bet)
Seat 6: yzuk folded before Flop (didn't bet)



PokerStars Hand #254485142097:  Hold'em No Limit ($0.50/$1.00 USD) - 2025/01/21 16:14:08 WET [2025/01/21 11:14:08 ET]
Table 'Thule IV' 6-max Seat #2 is the button
Seat 4: v.sting ($105.50 in chips) is sitting out
Seat 1: RAidakCo ($100 in chips) 
Seat 2: blistein ($100 in chips) 
Seat 3: mr.Jckpot ($111.60 in chips) 
Seat 5: radu10101 ($119.23 in chips) 
Seat 6: yzuk ($117.60 in chips) 
mr.Jckpot: posts small blind $0.50
v.sting: is sitting out 
radu10101: posts big blind $1
*** HOLE CARDS ***
yzuk: raises $1.50 to $2.50
RAidakCo: folds 
blistein: folds 
mr.Jckpot: folds 
radu10101: folds 
Uncalled bet ($1.50) returned to yzuk
yzuk collected $2.50 from pot
yzuk: doesn't show hand 
v.sting leaves the table
*** SUMMARY ***
Total pot $2.50 | Rake $0 
Seat 4: v.sting
Seat 1: RAidakCo folded before Flop (didn't bet)
Seat 2: blistein (button) folded before Flop (didn't bet)
Seat 3: mr.Jckpot (small blind) folded before Flop
Seat 5: radu10101 (big blind) folded before Flop
Seat 6: yzuk collected ($2.50)



PokerStars Hand #254485144047:  Hold'em No Limit ($0.50/$1.00 USD) - 2025/01/21 16:14:17 WET [2025/01/21 11:14:17 ET]
Table 'Thule IV' 6-max Seat #3 is the button
Seat 1: RAidakCo ($100 in chips) 
Seat 2: blistein ($100 in chips) 
Seat 3: mr.Jckpot ($111.10 in chips) 
Seat 5: radu10101 ($118.23 in chips) 
Seat 6: yzuk ($119.10 in chips) 
radu10101: posts small blind $0.50
yzuk: posts big blind $1
*** HOLE CARDS ***
RAidakCo: raises $1.20 to $2.20
blistein: folds 
mr.Jckpot: folds 
radu10101: folds 
yzuk: folds 
Uncalled bet ($1.20) returned to RAidakCo
RAidakCo collected $2.50 from pot
RAidakCo: doesn't show hand 
*** SUMMARY ***
Total pot $2.50 | Rake $0 
Seat 1: RAidakCo collected ($2.50)
Seat 2: blistein folded before Flop (didn't bet)
Seat 3: mr.Jckpot (button) folded before Flop (didn't bet)
Seat 5: radu10101 (small blind) folded before Flop
Seat 6: yzuk (big blind) folded before Flop



PokerStars Hand #254485148988:  Hold'em No Limit ($0.50/$1.00 USD) - 2025/01/21 16:14:39 WET [2025/01/21 11:14:39 ET]
Table 'Thule IV' 6-max Seat #5 is the button
Seat 1: RAidakCo ($101.50 in chips) 
Seat 2: blistein ($100 in chips) 
Seat 3: mr.Jckpot ($111.10 in chips) 
Seat 5: radu10101 ($117.73 in chips) 
Seat 6: yzuk ($118.10 in chips) 
yzuk: posts small blind $0.50
RAidakCo: posts big blind $1
*** HOLE CARDS ***
blistein: raises $1.20 to $2.20
mr.Jckpot: folds 
radu10101: folds 
avstero joins the table at seat #4 
yzuk: folds 
RAidakCo: folds 
Uncalled bet ($1.20) returned to blistein
blistein collected $2.50 from pot
blistein: doesn't show hand 
*** SUMMARY ***
Total pot $2.50 | Rake $0 
Seat 1: RAidakCo (big blind) folded before Flop
Seat 2: blistein collected ($2.50)
Seat 3: mr.Jckpot folded before Flop (didn't bet)
Seat 5: radu10101 (button) folded before Flop (didn't bet)
Seat 6: yzuk (small blind) folded before Flop



PokerStars Hand #254485152622:  Hold'em No Limit ($0.50/$1.00 USD) - 2025/01/21 16:14:56 WET [2025/01/21 11:14:56 ET]
Table 'Thule IV' 6-max Seat #6 is the button
Seat 4: avstero ($100 in chips) is sitting out
Seat 1: RAidakCo ($100.50 in chips) 
Seat 2: blistein ($101.50 in chips) 
Seat 3: mr.Jckpot ($111.10 in chips) 
Seat 5: radu10101 ($117.73 in chips) 
Seat 6: yzuk ($117.60 in chips) 
RAidakCo: posts small blind $0.50
blistein: posts big blind $1
avstero: sits out 
*** HOLE CARDS ***
mr.Jckpot: folds 
radu10101: folds 
yzuk: folds 
RAidakCo: folds 
Uncalled bet ($0.50) returned to blistein
blistein collected $1 from pot
blistein: doesn't show hand 
*** SUMMARY ***
Total pot $1 | Rake $0 
Seat 4: avstero
Seat 1: RAidakCo (small blind) folded before Flop
Seat 2: blistein (big blind) collected ($1)
Seat 3: mr.Jckpot folded before Flop (didn't bet)
Seat 5: radu10101 folded before Flop (didn't bet)
Seat 6: yzuk (button) folded before Flop (didn't bet)



PokerStars Hand #254485156076:  Hold'em No Limit ($0.50/$1.00 USD) - 2025/01/21 16:15:11 WET [2025/01/21 11:15:11 ET]
Table 'Thule IV' 6-max Seat #1 is the button
Seat 4: avstero ($100 in chips) is sitting out
Seat 1: RAidakCo ($100 in chips) 
Seat 2: blistein ($102 in chips) 
Seat 3: mr.Jckpot ($111.10 in chips) 
Seat 5: radu10101 ($117.73 in chips) 
Seat 6: yzuk ($117.60 in chips) 
blistein: posts small blind $0.50
mr.Jckpot: posts big blind $1
avstero: sits out 
*** HOLE CARDS ***
radu10101: calls $1
yzuk: folds 
RAidakCo: folds 
blistein: folds 
mr.Jckpot: raises $2.50 to $3.50
radu10101: calls $2.50
*** FLOP *** [6h 4h 8d]
mr.Jckpot: checks 
radu10101: bets $2
mr.Jckpot: calls $2
*** TURN *** [6h 4h 8d] [Kd]
mr.Jckpot: checks 
radu10101: bets $4
mr.Jckpot: folds 
Uncalled bet ($4) returned to radu10101
radu10101 collected $10.92 from pot
*** SUMMARY ***
Total pot $11.50 | Rake $0.58 
Board [6h 4h 8d Kd]
Seat 4: avstero
Seat 1: RAidakCo (button) folded before Flop (didn't bet)
Seat 2: blistein (small blind) folded before Flop
Seat 3: mr.Jckpot (big blind) folded on the Turn
Seat 5: radu10101 collected ($10.92)
Seat 6: yzuk folded before Flop (didn't bet)



PokerStars Hand #254485162186:  Hold'em No Limit ($0.50/$1.00 USD) - 2025/01/21 16:15:39 WET [2025/01/21 11:15:39 ET]
Table 'Thule IV' 6-max Seat #2 is the button
Seat 1: RAidakCo ($100 in chips) 
Seat 2: blistein ($101.50 in chips) 
Seat 3: mr.Jckpot ($105.60 in chips) 
Seat 4: avstero ($100 in chips) 
Seat 5: radu10101 ($123.15 in chips) 
Seat 6: yzuk ($117.60 in chips) 
mr.Jckpot: posts small blind $0.50
avstero: posts big blind $1
*** HOLE CARDS ***
radu10101: folds 
yzuk: folds 
RAidakCo: folds 
blistein: raises $1.50 to $2.50
mr.Jckpot: folds 
avstero: folds 
Uncalled bet ($1.50) returned to blistein
blistein collected $2.50 from pot
blistein: doesn't show hand 
*** SUMMARY ***
Total pot $2.50 | Rake $0 
Seat 1: RAidakCo folded before Flop (didn't bet)
Seat 2: blistein (button) collected ($2.50)
Seat 3: mr.Jckpot (small blind) folded before Flop
Seat 4: avstero (big blind) folded before Flop
Seat 5: radu10101 folded before Flop (didn't bet)
Seat 6: yzuk folded before Flop (didn't bet)



PokerStars Hand #254485166075:  Hold'em No Limit ($0.50/$1.00 USD) - 2025/01/21 16:15:57 WET [2025/01/21 11:15:57 ET]
Table 'Thule IV' 6-max Seat #3 is the button
Seat 1: RAidakCo ($100 in chips) 
Seat 2: blistein ($103 in chips) 
Seat 3: mr.Jckpot ($105.10 in chips) 
Seat 4: avstero ($99 in chips) 
Seat 5: radu10101 ($123.15 in chips) 
Seat 6: yzuk ($117.60 in chips) 
avstero: posts small blind $0.50
radu10101: posts big blind $1
*** HOLE CARDS ***
yzuk: folds 
RAidakCo: folds 
blistein: raises $1.30 to $2.30
mr.Jckpot: folds 
avstero: folds 
radu10101: folds 
Uncalled bet ($1.30) returned to blistein
blistein collected $2.50 from pot
blistein: doesn't show hand 
*** SUMMARY ***
Total pot $2.50 | Rake $0 
Seat 1: RAidakCo folded before Flop (didn't bet)
Seat 2: blistein collected ($2.50)
Seat 3: mr.Jckpot (button) folded before Flop (didn't bet)
Seat 4: avstero (small blind) folded before Flop
Seat 5: radu10101 (big blind) folded before Flop
Seat 6: yzuk folded before Flop (didn't bet)



PokerStars Hand #254485169140:  Hold'em No Limit ($0.50/$1.00 USD) - 2025/01/21 16:16:11 WET [2025/01/21 11:16:11 ET]
Table 'Thule IV' 6-max Seat #4 is the button
Seat 1: RAidakCo ($100 in chips) 
Seat 2: blistein ($104.50 in chips) 
Seat 3: mr.Jckpot ($105.10 in chips) 
Seat 4: avstero ($100 in chips) 
Seat 5: radu10101 ($122.15 in chips) 
Seat 6: yzuk ($117.60 in chips) 
radu10101: posts small blind $0.50
yzuk: posts big blind $1
*** HOLE CARDS ***
RAidakCo: folds 
blistein: folds 
mr.Jckpot: raises $1.50 to $2.50
avstero: folds 
radu10101: folds 
yzuk: folds 
Uncalled bet ($1.50) returned to mr.Jckpot
mr.Jckpot collected $2.50 from pot
mr.Jckpot: doesn't show hand 
*** SUMMARY ***
Total pot $2.50 | Rake $0 
Seat 1: RAidakCo folded before Flop (didn't bet)
Seat 2: blistein folded before Flop (didn't bet)
Seat 3: mr.Jckpot collected ($2.50)
Seat 4: avstero (button) folded before Flop (didn't bet)
Seat 5: radu10101 (small blind) folded before Flop
Seat 6: yzuk (big blind) folded before Flop



PokerStars Hand #254485172408:  Hold'em No Limit ($0.50/$1.00 USD) - 2025/01/21 16:16:25 WET [2025/01/21 11:16:25 ET]
Table 'Thule IV' 6-max Seat #5 is the button
Seat 1: RAidakCo ($100 in chips) 
Seat 2: blistein ($104.50 in chips) 
Seat 3: mr.Jckpot ($106.60 in chips) 
Seat 4: avstero ($100 in chips) 
Seat 5: radu10101 ($121.65 in chips) 
Seat 6: yzuk ($116.60 in chips) 
yzuk: posts small blind $0.50
RAidakCo: posts big blind $1
*** HOLE CARDS ***
blistein: folds 
mr.Jckpot: folds 
avstero: folds 
radu10101: folds 
yzuk: folds 
Uncalled bet ($0.50) returned to RAidakCo
RAidakCo collected $1 from pot
RAidakCo: doesn't show hand 
*** SUMMARY ***
Total pot $1 | Rake $0 
Seat 1: RAidakCo (big blind) collected ($1)
Seat 2: blistein folded before Flop (didn't bet)
Seat 3: mr.Jckpot folded before Flop (didn't bet)
Seat 4: avstero folded before Flop (didn't bet)
Seat 5: radu10101 (button) folded before Flop (didn't bet)
Seat 6: yzuk (small blind) folded before Flop



PokerStars Hand #254485174785:  Hold'em No Limit ($0.50/$1.00 USD) - 2025/01/21 16:16:36 WET [2025/01/21 11:16:36 ET]
Table 'Thule IV' 6-max Seat #6 is the button
Seat 1: RAidakCo ($100.50 in chips) 
Seat 2: blistein ($104.50 in chips) 
Seat 3: mr.Jckpot ($106.60 in chips) 
Seat 4: avstero ($100 in chips) 
Seat 5: radu10101 ($121.65 in chips) 
Seat 6: yzuk ($116.10 in chips) 
RAidakCo: posts small blind $0.50
blistein: posts big blind $1
*** HOLE CARDS ***
mr.Jckpot: folds 
avstero: raises $1.20 to $2.20
radu10101: calls $2.20
yzuk: folds 
RAidakCo: calls $1.70
blistein: folds 
*** FLOP *** [6h 6d 4s]
RAidakCo: checks 
avstero: checks 
radu10101: bets $5
RAidakCo: folds 
avstero: calls $5
*** TURN *** [6h 6d 4s] [Qc]
avstero: checks 
radu10101: bets $7
avstero: folds 
Uncalled bet ($7) returned to radu10101
radu10101 collected $16.72 from pot
*** SUMMARY ***
Total pot $17.60 | Rake $0.88 
Board [6h 6d 4s Qc]
Seat 1: RAidakCo (small blind) folded on the Flop
Seat 2: blistein (big blind) folded before Flop
Seat 3: mr.Jckpot folded before Flop (didn't bet)
Seat 4: avstero folded on the Turn
Seat 5: radu10101 collected ($16.72)
Seat 6: yzuk (button) folded before Flop (didn't bet)



PokerStars Hand #254485194814:  Hold'em No Limit ($0.50/$1.00 USD) - 2025/01/21 16:18:05 WET [2025/01/21 11:18:05 ET]
Table 'Thule IV' 6-max Seat #1 is the button
Seat 1: RAidakCo ($100 in chips) 
Seat 2: blistein ($103.50 in chips) 
Seat 3: mr.Jckpot ($106.60 in chips) 
Seat 4: avstero ($100 in chips) 
Seat 5: radu10101 ($131.17 in chips) 
Seat 6: yzuk ($116.10 in chips) 
blistein: posts small blind $0.50
mr.Jckpot: posts big blind $1
*** HOLE CARDS ***
avstero: raises $1.20 to $2.20
radu10101: folds 
yzuk: folds 
RAidakCo: folds 
blistein: folds 
mr.Jckpot: folds 
Uncalled bet ($1.20) returned to avstero
avstero collected $2.50 from pot
avstero: doesn't show hand 
*** SUMMARY ***
Total pot $2.50 | Rake $0 
Seat 1: RAidakCo (button) folded before Flop (didn't bet)
Seat 2: blistein (small blind) folded before Flop
Seat 3: mr.Jckpot (big blind) folded before Flop
Seat 4: avstero collected ($2.50)
Seat 5: radu10101 folded before Flop (didn't bet)
Seat 6: yzuk folded before Flop (didn't bet)



PokerStars Hand #254485198053:  Hold'em No Limit ($0.50/$1.00 USD) - 2025/01/21 16:18:19 WET [2025/01/21 11:18:19 ET]
Table 'Thule IV' 6-max Seat #2 is the button
Seat 1: RAidakCo ($100 in chips) 
Seat 2: blistein ($103 in chips) 
Seat 3: mr.Jckpot ($105.60 in chips) 
Seat 4: avstero ($101.50 in chips) 
Seat 5: radu10101 ($131.17 in chips) 
Seat 6: yzuk ($116.10 in chips) 
mr.Jckpot: posts small blind $0.50
avstero: posts big blind $1
*** HOLE CARDS ***
radu10101: folds 
yzuk: folds 
RAidakCo: raises $1.20 to $2.20
blistein: folds 
mr.Jckpot: folds 
avstero: folds 
Uncalled bet ($1.20) returned to RAidakCo
RAidakCo collected $2.50 from pot
RAidakCo: doesn't show hand 
*** SUMMARY ***
Total pot $2.50 | Rake $0 
Seat 1: RAidakCo collected ($2.50)
Seat 2: blistein (button) folded before Flop (didn't bet)
Seat 3: mr.Jckpot (small blind) folded before Flop
Seat 4: avstero (big blind) folded before Flop
Seat 5: radu10101 folded before Flop (didn't bet)
Seat 6: yzuk folded before Flop (didn't bet)



PokerStars Hand #254485200977:  Hold'em No Limit ($0.50/$1.00 USD) - 2025/01/21 16:18:32 WET [2025/01/21 11:18:32 ET]
Table 'Thule IV' 6-max Seat #3 is the button
Seat 1: RAidakCo ($101.50 in chips) 
Seat 2: blistein ($103 in chips) 
Seat 3: mr.Jckpot ($105.10 in chips) 
Seat 4: avstero ($100.50 in chips) 
Seat 5: radu10101 ($131.17 in chips) 
Seat 6: yzuk ($116.10 in chips) 
avstero: posts small blind $0.50
radu10101: posts big blind $1
*** HOLE CARDS ***
yzuk: folds 
RAidakCo: folds 
blistein: raises $1.30 to $2.30
mr.Jckpot: folds 
avstero: folds 
radu10101: folds 
Uncalled bet ($1.30) returned to blistein
blistein collected $2.50 from pot
blistein: doesn't show hand 
*** SUMMARY ***
Total pot $2.50 | Rake $0 
Seat 1: RAidakCo folded before Flop (didn't bet)
Seat 2: blistein collected ($2.50)
Seat 3: mr.Jckpot (button) folded before Flop (didn't bet)
Seat 4: avstero (small blind) folded before Flop
Seat 5: radu10101 (big blind) folded before Flop
Seat 6: yzuk folded before Flop (didn't bet)



PokerStars Hand #254485204187:  Hold'em No Limit ($0.50/$1.00 USD) - 2025/01/21 16:18:47 WET [2025/01/21 11:18:47 ET]
Table 'Thule IV' 6-max Seat #4 is the button
Seat 1: RAidakCo ($101.50 in chips) 
Seat 2: blistein ($104.50 in chips) 
Seat 3: mr.Jckpot ($105.10 in chips) 
Seat 4: avstero ($100 in chips) 
Seat 5: radu10101 ($130.17 in chips) 
Seat 6: yzuk ($116.10 in chips) 
radu10101: posts small blind $0.50
yzuk: posts big blind $1
*** HOLE CARDS ***
RAidakCo: folds 
blistein: raises $1.20 to $2.20
mr.Jckpot: folds 
avstero: folds 
radu10101: folds 
yzuk: folds 
Uncalled bet ($1.20) returned to blistein
blistein collected $2.50 from pot
blistein: doesn't show hand 
*** SUMMARY ***
Total pot $2.50 | Rake $0 
Seat 1: RAidakCo folded before Flop (didn't bet)
Seat 2: blistein collected ($2.50)
Seat 3: mr.Jckpot folded before Flop (didn't bet)
Seat 4: avstero (button) folded before Flop (didn't bet)
Seat 5: radu10101 (small blind) folded before Flop
Seat 6: yzuk (big blind) folded before Flop



PokerStars Hand #254485207340:  Hold'em No Limit ($0.50/$1.00 USD) - 2025/01/21 16:19:01 WET [2025/01/21 11:19:01 ET]
Table 'Thule IV' 6-max Seat #5 is the button
Seat 1: RAidakCo ($101.50 in chips) 
Seat 2: blistein ($106 in chips) 
Seat 3: mr.Jckpot ($105.10 in chips) 
Seat 4: avstero ($100 in chips) 
Seat 5: radu10101 ($129.67 in chips) 
Seat 6: yzuk ($115.10 in chips) 
yzuk: posts small blind $0.50
RAidakCo: posts big blind $1
*** HOLE CARDS ***
blistein: raises $1.20 to $2.20
mr.Jckpot: folds 
avstero: folds 
radu10101: calls $2.20
yzuk: folds 
RAidakCo: calls $1.20
*** FLOP *** [5s 8s Jh]
RAidakCo: checks 
blistein: checks 
radu10101: bets $2
RAidakCo: folds 
blistein: folds 
Uncalled bet ($2) returned to radu10101
radu10101 collected $6.74 from pot
*** SUMMARY ***
Total pot $7.10 | Rake $0.36 
Board [5s 8s Jh]
Seat 1: RAidakCo (big blind) folded on the Flop
Seat 2: blistein folded on the Flop
Seat 3: mr.Jckpot folded before Flop (didn't bet)
Seat 4: avstero folded before Flop (didn't bet)
Seat 5: radu10101 (button) collected ($6.74)
Seat 6: yzuk (small blind) folded before Flop



PokerStars Hand #254485218335:  Hold'em No Limit ($0.50/$1.00 USD) - 2025/01/21 16:19:50 WET [2025/01/21 11:19:50 ET]
Table 'Thule IV' 6-max Seat #6 is the button
Seat 1: RAidakCo ($100 in chips) 
Seat 2: blistein ($103.80 in chips) 
Seat 3: mr.Jckpot ($105.10 in chips) 
Seat 4: avstero ($100 in chips) 
Seat 5: radu10101 ($134.21 in chips) 
Seat 6: yzuk ($114.60 in chips) 
RAidakCo: posts small blind $0.50
blistein: posts big blind $1
*** HOLE CARDS ***
mr.Jckpot: raises $1.50 to $2.50
avstero: folds 
radu10101: folds 
yzuk: folds 
RAidakCo: folds 
blistein: calls $1.50
*** FLOP *** [8h Ts 8c]
blistein: checks 
mr.Jckpot: bets $1.72
blistein: folds 
Uncalled bet ($1.72) returned to mr.Jckpot
mr.Jckpot collected $5.22 from pot
mr.Jckpot: doesn't show hand 
*** SUMMARY ***
Total pot $5.50 | Rake $0.28 
Board [8h Ts 8c]
Seat 1: RAidakCo (small blind) folded before Flop
Seat 2: blistein (big blind) folded on the Flop
Seat 3: mr.Jckpot collected ($5.22)
Seat 4: avstero folded before Flop (didn't bet)
Seat 5: radu10101 folded before Flop (didn't bet)
Seat 6: yzuk (button) folded before Flop (didn't bet)



PokerStars Hand #254485225941:  Hold'em No Limit ($0.50/$1.00 USD) - 2025/01/21 16:20:25 WET [2025/01/21 11:20:25 ET]
Table 'Thule IV' 6-max Seat #1 is the button
Seat 1: RAidakCo ($100 in chips) 
Seat 2: blistein ($101.30 in chips) 
Seat 3: mr.Jckpot ($107.82 in chips) 
Seat 4: avstero ($100 in chips) 
Seat 5: radu10101 ($134.21 in chips) 
Seat 6: yzuk ($114.60 in chips) 
blistein: posts small blind $0.50
mr.Jckpot: posts big blind $1
*** HOLE CARDS ***
avstero: raises $1.20 to $2.20
radu10101: calls $2.20
yzuk: folds 
RAidakCo: calls $2.20
blistein: calls $1.70
mr.Jckpot: folds 
*** FLOP *** [7d Qs As]
blistein: checks 
avstero: checks 
radu10101: bets $2
RAidakCo: folds 
blistein: folds 
avstero: calls $2
*** TURN *** [7d Qs As] [Qd]
avstero: checks 
radu10101: bets $4
avstero: calls $4
*** RIVER *** [7d Qs As Qd] [8s]
avstero: checks 
radu10101: checks 
*** SHOW DOWN ***
avstero: shows [Kh Ac] (two pair, Aces and Queens)
radu10101: mucks hand 
avstero collected $20.71 from pot
*** SUMMARY ***
Total pot $21.80 | Rake $1.09 
Board [7d Qs As Qd 8s]
Seat 1: RAidakCo (button) folded on the Flop
Seat 2: blistein (small blind) folded on the Flop
Seat 3: mr.Jckpot (big blind) folded before Flop
Seat 4: avstero showed [Kh Ac] and won ($20.71) with two pair, Aces and Queens
Seat 5: radu10101 mucked
Seat 6: yzuk folded before Flop (didn't bet)



PokerStars Hand #254485246191:  Hold'em No Limit ($0.50/$1.00 USD) - 2025/01/21 16:21:57 WET [2025/01/21 11:21:57 ET]
Table 'Thule IV' 6-max Seat #2 is the button
Seat 1: RAidakCo ($100 in chips) 
Seat 2: blistein ($100 in chips) 
Seat 3: mr.Jckpot ($106.82 in chips) 
Seat 4: avstero ($112.51 in chips) 
Seat 5: radu10101 ($126.01 in chips) 
Seat 6: yzuk ($114.60 in chips) 
mr.Jckpot: posts small blind $0.50
avstero: posts big blind $1
*** HOLE CARDS ***
radu10101: calls $1
yzuk: folds 
RAidakCo has timed out
RAidakCo: folds 
blistein: raises $2.50 to $3.50
mr.Jckpot: folds 
avstero: folds 
radu10101: calls $2.50
*** FLOP *** [6s 5c 3s]
radu10101: checks 
blistein: checks 
*** TURN *** [6s 5c 3s] [3d]
radu10101: checks 
blistein: checks 
*** RIVER *** [6s 5c 3s 3d] [Qs]
radu10101: checks 
blistein: bets $6.06
radu10101: folds 
Uncalled bet ($6.06) returned to blistein
blistein collected $8.08 from pot
blistein: doesn't show hand 
*** SUMMARY ***
Total pot $8.50 | Rake $0.42 
Board [6s 5c 3s 3d Qs]
Seat 1: RAidakCo folded before Flop (didn't bet)
Seat 2: blistein (button) collected ($8.08)
Seat 3: mr.Jckpot (small blind) folded before Flop
Seat 4: avstero (big blind) folded before Flop
Seat 5: radu10101 folded on the River
Seat 6: yzuk folded before Flop (didn't bet)



PokerStars Hand #254485264461:  Hold'em No Limit ($0.50/$1.00 USD) - 2025/01/21 16:23:21 WET [2025/01/21 11:23:21 ET]
Table 'Thule IV' 6-max Seat #3 is the button
Seat 1: RAidakCo ($100 in chips) 
Seat 2: blistein ($104.58 in chips) 
Seat 3: mr.Jckpot ($106.32 in chips) 
Seat 4: avstero ($111.51 in chips) 
Seat 5: radu10101 ($122.51 in chips) 
Seat 6: yzuk ($114.60 in chips) 
avstero: posts small blind $0.50
radu10101: posts big blind $1
*** HOLE CARDS ***
yzuk: folds 
RAidakCo: folds 
blistein: raises $1.30 to $2.30
mr.Jckpot: folds 
avstero: folds 
radu10101: folds 
Uncalled bet ($1.30) returned to blistein
blistein collected $2.50 from pot
blistein: doesn't show hand 
*** SUMMARY ***
Total pot $2.50 | Rake $0 
Seat 1: RAidakCo folded before Flop (didn't bet)
Seat 2: blistein collected ($2.50)
Seat 3: mr.Jckpot (button) folded before Flop (didn't bet)
Seat 4: avstero (small blind) folded before Flop
Seat 5: radu10101 (big blind) folded before Flop
Seat 6: yzuk folded before Flop (didn't bet)



PokerStars Hand #254485270063:  Hold'em No Limit ($0.50/$1.00 USD) - 2025/01/21 16:23:47 WET [2025/01/21 11:23:47 ET]
Table 'Thule IV' 6-max Seat #4 is the button
Seat 1: RAidakCo ($100 in chips) 
Seat 2: blistein ($106.08 in chips) 
Seat 3: mr.Jckpot ($106.32 in chips) 
Seat 4: avstero ($111.01 in chips) 
Seat 5: radu10101 ($121.51 in chips) 
Seat 6: yzuk ($114.60 in chips) 
radu10101: posts small blind $0.50
yzuk: posts big blind $1
*** HOLE CARDS ***
RAidakCo: folds 
blistein: folds 
mr.Jckpot: folds 
avstero: folds 
radu10101: calls $0.50
yzuk: checks 
*** FLOP *** [2d 2c As]
radu10101: checks 
yzuk: checks 
*** TURN *** [2d 2c As] [8h]
radu10101: checks 
yzuk: checks 
*** RIVER *** [2d 2c As 8h] [Kc]
radu10101: checks 
yzuk: bets $1.46
radu10101: folds 
Uncalled bet ($1.46) returned to yzuk
yzuk collected $1.90 from pot
yzuk: doesn't show hand 
*** SUMMARY ***
Total pot $2 | Rake $0.10 
Board [2d 2c As 8h Kc]
Seat 1: RAidakCo folded before Flop (didn't bet)
Seat 2: blistein folded before Flop (didn't bet)
Seat 3: mr.Jckpot folded before Flop (didn't bet)
Seat 4: avstero (button) folded before Flop (didn't bet)
Seat 5: radu10101 (small blind) folded on the River
Seat 6: yzuk (big blind) collected ($1.90)



PokerStars Hand #254485281815:  Hold'em No Limit ($0.50/$1.00 USD) - 2025/01/21 16:24:40 WET [2025/01/21 11:24:40 ET]
Table 'Thule IV' 6-max Seat #5 is the button
Seat 1: RAidakCo ($100 in chips) 
Seat 2: blistein ($106.08 in chips) 
Seat 3: mr.Jckpot ($106.32 in chips) 
Seat 4: avstero ($111.01 in chips) 
Seat 5: radu10101 ($120.51 in chips) 
Seat 6: yzuk ($115.50 in chips) 
yzuk: posts small blind $0.50
RAidakCo: posts big blind $1
*** HOLE CARDS ***
blistein: folds 
mr.Jckpot: folds 
avstero: folds 
radu10101: folds 
yzuk: folds 
Uncalled bet ($0.50) returned to RAidakCo
RAidakCo collected $1 from pot
RAidakCo: doesn't show hand 
*** SUMMARY ***
Total pot $1 | Rake $0 
Seat 1: RAidakCo (big blind) collected ($1)
Seat 2: blistein folded before Flop (didn't bet)
Seat 3: mr.Jckpot folded before Flop (didn't bet)
Seat 4: avstero folded before Flop (didn't bet)
Seat 5: radu10101 (button) folded before Flop (didn't bet)
Seat 6: yzuk (small blind) folded before Flop



PokerStars Hand #254485283845:  Hold'em No Limit ($0.50/$1.00 USD) - 2025/01/21 16:24:50 WET [2025/01/21 11:24:50 ET]
Table 'Thule IV' 6-max Seat #6 is the button
Seat 1: RAidakCo ($100.50 in chips) 
Seat 2: blistein ($106.08 in chips) 
Seat 3: mr.Jckpot ($106.32 in chips) 
Seat 4: avstero ($111.01 in chips) 
Seat 5: radu10101 ($120.51 in chips) 
Seat 6: yzuk ($115 in chips) 
RAidakCo: posts small blind $0.50
blistein: posts big blind $1
*** HOLE CARDS ***
mr.Jckpot: folds 
avstero: folds 
radu10101: folds 
yzuk: folds 
RAidakCo: folds 
Uncalled bet ($0.50) returned to blistein
blistein collected $1 from pot
blistein: doesn't show hand 
radu10101 leaves the table
*** SUMMARY ***
Total pot $1 | Rake $0 
Seat 1: RAidakCo (small blind) folded before Flop
Seat 2: blistein (big blind) collected ($1)
Seat 3: mr.Jckpot folded before Flop (didn't bet)
Seat 4: avstero folded before Flop (didn't bet)
Seat 5: radu10101 folded before Flop (didn't bet)
Seat 6: yzuk (button) folded before Flop (didn't bet)



PokerStars Hand #254485289422:  Hold'em No Limit ($0.50/$1.00 USD) - 2025/01/21 16:25:15 WET [2025/01/21 11:25:15 ET]
Table 'Thule IV' 6-max Seat #1 is the button
Seat 1: RAidakCo ($100 in chips) 
Seat 2: blistein ($106.58 in chips) 
Seat 3: mr.Jckpot ($106.32 in chips) 
Seat 4: avstero ($111.01 in chips) 
Seat 6: yzuk ($115 in chips) 
blistein: posts small blind $0.50
mr.Jckpot: posts big blind $1
*** HOLE CARDS ***
avstero: folds 
yzuk: folds 
RAidakCo: folds 
blistein: folds 
Uncalled bet ($0.50) returned to mr.Jckpot
mr.Jckpot collected $1 from pot
mr.Jckpot: doesn't show hand 
*** SUMMARY ***
Total pot $1 | Rake $0 
Seat 1: RAidakCo (button) folded before Flop (didn't bet)
Seat 2: blistein (small blind) folded before Flop
Seat 3: mr.Jckpot (big blind) collected ($1)
Seat 4: avstero folded before Flop (didn't bet)
Seat 6: yzuk folded before Flop (didn't bet)



PokerStars Hand #254485290962:  Hold'em No Limit ($0.50/$1.00 USD) - 2025/01/21 16:25:22 WET [2025/01/21 11:25:22 ET]
Table 'Thule IV' 6-max Seat #2 is the button
Seat 4: avstero ($111.01 in chips) is sitting out
Seat 6: yzuk ($115 in chips) is sitting out
Seat 1: RAidakCo ($100 in chips) 
Seat 2: blistein ($106.08 in chips) 
Seat 3: mr.Jckpot ($106.82 in chips) 
mr.Jckpot: posts small blind $0.50
avstero: is sitting out 
yzuk: is sitting out 
RAidakCo: posts big blind $1
*** HOLE CARDS ***
avstero leaves the table
blistein: folds 
blistein leaves the table
mr.Jckpot: folds 
Uncalled bet ($0.50) returned to RAidakCo
RAidakCo collected $1 from pot
RAidakCo: doesn't show hand 
*** SUMMARY ***
Total pot $1 | Rake $0 
Seat 4: avstero
Seat 6: yzuk
Seat 1: RAidakCo (big blind) collected ($1)
Seat 2: blistein (button) folded before Flop (didn't bet)
Seat 3: mr.Jckpot (small blind) folded before Flop



PokerStars Hand #254484989720:  Hold'em No Limit ($0.50/$1.00 USD) - 2025/01/21 16:02:23 WET [2025/01/21 11:02:23 ET]
Table 'Thule IV' 6-max Seat #4 is the button
Seat 2: blistein ($103.65 in chips) is sitting out
Seat 1: Eredar5 ($100.40 in chips) 
Seat 3: mr.Jckpot ($101.50 in chips) 
Seat 4: v.sting ($100 in chips) 
Seat 5: radu10101 ($105.20 in chips) 
Seat 6: yzuk ($100 in chips) 
radu10101: posts small blind $0.50
yzuk: posts big blind $1
blistein: sits out 
*** HOLE CARDS ***
Eredar5: folds 
mr.Jckpot: folds 
v.sting: raises $1.10 to $2.10
radu10101: calls $1.60
yzuk: folds 
*** FLOP *** [5h 7h Kc]
radu10101: checks 
v.sting: bets $1.24
radu10101: calls $1.24
*** TURN *** [5h 7h Kc] [Kd]
radu10101: bets $1
v.sting: folds 
Uncalled bet ($1) returned to radu10101
radu10101 collected $7.30 from pot
*** SUMMARY ***
Total pot $7.68 | Rake $0.38 
Board [5h 7h Kc Kd]
Seat 2: blistein
Seat 1: Eredar5 folded before Flop (didn't bet)
Seat 3: mr.Jckpot folded before Flop (didn't bet)
Seat 4: v.sting (button) folded on the Turn
Seat 5: radu10101 (small blind) collected ($7.30)
Seat 6: yzuk (big blind) folded before Flop



PokerStars Hand #254484997591:  Hold'em No Limit ($0.50/$1.00 USD) - 2025/01/21 16:02:59 WET [2025/01/21 11:02:59 ET]
Table 'Thule IV' 6-max Seat #5 is the button
Seat 2: blistein ($103.65 in chips) is sitting out
Seat 1: Eredar5 ($100.40 in chips) 
Seat 3: mr.Jckpot ($101.50 in chips) 
Seat 4: v.sting ($100 in chips) 
Seat 5: radu10101 ($109.16 in chips) 
Seat 6: yzuk ($100 in chips) 
yzuk: posts small blind $0.50
Eredar5: posts big blind $1
blistein: sits out 
*** HOLE CARDS ***
mr.Jckpot: folds 
v.sting: folds 
radu10101: raises $2 to $3
yzuk: raises $10 to $13
Eredar5: folds 
radu10101: calls $10
*** FLOP *** [Ks 6c 6s]
yzuk: bets $6.67
radu10101: raises $6.67 to $13.34
yzuk: calls $6.67
*** TURN *** [Ks 6c 6s] [Ah]
yzuk: checks 
radu10101: bets $11
yzuk: folds 
Uncalled bet ($11) returned to radu10101
radu10101 collected $51.18 from pot
*** SUMMARY ***
Total pot $53.68 | Rake $2.50 
Board [Ks 6c 6s Ah]
Seat 2: blistein
Seat 1: Eredar5 (big blind) folded before Flop
Seat 3: mr.Jckpot folded before Flop (didn't bet)
Seat 4: v.sting folded before Flop (didn't bet)
Seat 5: radu10101 (button) collected ($51.18)
Seat 6: yzuk (small blind) folded on the Turn



PokerStars Hand #254485007543:  Hold'em No Limit ($0.50/$1.00 USD) - 2025/01/21 16:03:46 WET [2025/01/21 11:03:46 ET]
Table 'Thule IV' 6-max Seat #6 is the button
Seat 1: Eredar5 ($100 in chips) 
Seat 2: blistein ($103.65 in chips) 
Seat 3: mr.Jckpot ($101.50 in chips) 
Seat 4: v.sting ($100 in chips) 
Seat 5: radu10101 ($134 in chips) 
Seat 6: yzuk ($100 in chips) 
Eredar5: posts small blind $0.50
blistein: posts big blind $1
*** HOLE CARDS ***
mr.Jckpot: folds 
v.sting: folds 
radu10101: calls $1
yzuk: raises $2.50 to $3.50
Eredar5: folds 
blistein: folds 
radu10101: calls $2.50
*** FLOP *** [Ac 5c 2d]
radu10101: checks 
yzuk: checks 
*** TURN *** [Ac 5c 2d] [8c]
radu10101: bets $2
yzuk: raises $4 to $6
radu10101: folds 
Uncalled bet ($4) returned to yzuk
yzuk collected $11.88 from pot
yzuk: doesn't show hand 
*** SUMMARY ***
Total pot $12.50 | Rake $0.62 
Board [Ac 5c 2d 8c]
Seat 1: Eredar5 (small blind) folded before Flop
Seat 2: blistein (big blind) folded before Flop
Seat 3: mr.Jckpot folded before Flop (didn't bet)
Seat 4: v.sting folded before Flop (didn't bet)
Seat 5: radu10101 folded on the Turn
Seat 6: yzuk (button) collected ($11.88)



PokerStars Hand #254485020277:  Hold'em No Limit ($0.50/$1.00 USD) - 2025/01/21 16:04:46 WET [2025/01/21 11:04:46 ET]
Table 'Thule IV' 6-max Seat #1 is the button
Seat 1: Eredar5 ($100 in chips) 
Seat 2: blistein ($102.65 in chips) 
Seat 3: mr.Jckpot ($101.50 in chips) 
Seat 4: v.sting ($100 in chips) 
Seat 5: radu10101 ($128.50 in chips) 
Seat 6: yzuk ($106.38 in chips) 
blistein: posts small blind $0.50
mr.Jckpot: posts big blind $1
*** HOLE CARDS ***
v.sting: folds 
radu10101: folds 
yzuk: folds 
Eredar5: raises $1.50 to $2.50
blistein: raises $9.50 to $12
mr.Jckpot: folds 
Eredar5: folds 
Uncalled bet ($9.50) returned to blistein
blistein collected $6 from pot
blistein: doesn't show hand 
*** SUMMARY ***
Total pot $6 | Rake $0 
Seat 1: Eredar5 (button) folded before Flop
Seat 2: blistein (small blind) collected ($6)
Seat 3: mr.Jckpot (big blind) folded before Flop
Seat 4: v.sting folded before Flop (didn't bet)
Seat 5: radu10101 folded before Flop (didn't bet)
Seat 6: yzuk folded before Flop (didn't bet)



PokerStars Hand #254485027779:  Hold'em No Limit ($0.50/$1.00 USD) - 2025/01/21 16:05:21 WET [2025/01/21 11:05:21 ET]
Table 'Thule IV' 6-max Seat #2 is the button
Seat 1: Eredar5 ($100 in chips) 
Seat 2: blistein ($106.15 in chips) 
Seat 3: mr.Jckpot ($100.50 in chips) 
Seat 4: v.sting ($100 in chips) 
Seat 5: radu10101 ($128.50 in chips) 
Seat 6: yzuk ($106.38 in chips) 
mr.Jckpot: posts small blind $0.50
v.sting: posts big blind $1
*** HOLE CARDS ***
radu10101: calls $1
yzuk: folds 
Eredar5: folds 
blistein: folds 
mr.Jckpot: raises $2.50 to $3.50
v.sting: folds 
radu10101: calls $2.50
*** FLOP *** [Td 2s Jc]
mr.Jckpot: bets $4.18
radu10101: folds 
Uncalled bet ($4.18) returned to mr.Jckpot
mr.Jckpot collected $7.60 from pot
mr.Jckpot: doesn't show hand 
*** SUMMARY ***
Total pot $8 | Rake $0.40 
Board [Td 2s Jc]
Seat 1: Eredar5 folded before Flop (didn't bet)
Seat 2: blistein (button) folded before Flop (didn't bet)
Seat 3: mr.Jckpot (small blind) collected ($7.60)
Seat 4: v.sting (big blind) folded before Flop
Seat 5: radu10101 folded on the Flop
Seat 6: yzuk folded before Flop (didn't bet)



PokerStars Hand #254485032400:  Hold'em No Limit ($0.50/$1.00 USD) - 2025/01/21 16:05:43 WET [2025/01/21 11:05:43 ET]
Table 'Thule IV' 6-max Seat #3 is the button
Seat 1: Eredar5 ($100 in chips) 
Seat 2: blistein ($106.15 in chips) 
Seat 3: mr.Jckpot ($104.60 in chips) 
Seat 4: v.sting ($100 in chips) 
Seat 5: radu10101 ($125 in chips) 
Seat 6: yzuk ($106.38 in chips) 
v.sting: posts small blind $0.50
radu10101: posts big blind $1
*** HOLE CARDS ***
yzuk: folds 
Eredar5: folds 
blistein: folds 
mr.Jckpot: raises $1.50 to $2.50
v.sting: folds 
radu10101: folds 
Uncalled bet ($1.50) returned to mr.Jckpot
mr.Jckpot collected $2.50 from pot
mr.Jckpot: doesn't show hand 
*** SUMMARY ***
Total pot $2.50 | Rake $0 
Seat 1: Eredar5 folded before Flop (didn't bet)
Seat 2: blistein folded before Flop (didn't bet)
Seat 3: mr.Jckpot (button) collected ($2.50)
Seat 4: v.sting (small blind) folded before Flop
Seat 5: radu10101 (big blind) folded before Flop
Seat 6: yzuk folded before Flop (didn't bet)



PokerStars Hand #254485035046:  Hold'em No Limit ($0.50/$1.00 USD) - 2025/01/21 16:05:55 WET [2025/01/21 11:05:55 ET]
Table 'Thule IV' 6-max Seat #4 is the button
Seat 1: Eredar5 ($100 in chips) 
Seat 2: blistein ($106.15 in chips) 
Seat 3: mr.Jckpot ($106.10 in chips) 
Seat 4: v.sting ($100 in chips) 
Seat 5: radu10101 ($124 in chips) 
Seat 6: yzuk ($106.38 in chips) 
radu10101: posts small blind $0.50
yzuk: posts big blind $1
*** HOLE CARDS ***
Eredar5: folds 
blistein: folds 
mr.Jckpot: raises $1.50 to $2.50
v.sting: folds 
radu10101: folds 
yzuk: folds 
Uncalled bet ($1.50) returned to mr.Jckpot
mr.Jckpot collected $2.50 from pot
mr.Jckpot: doesn't show hand 
*** SUMMARY ***
Total pot $2.50 | Rake $0 
Seat 1: Eredar5 folded before Flop (didn't bet)
Seat 2: blistein folded before Flop (didn't bet)
Seat 3: mr.Jckpot collected ($2.50)
Seat 4: v.sting (button) folded before Flop (didn't bet)
Seat 5: radu10101 (small blind) folded before Flop
Seat 6: yzuk (big blind) folded before Flop



PokerStars Hand #254485038910:  Hold'em No Limit ($0.50/$1.00 USD) - 2025/01/21 16:06:13 WET [2025/01/21 11:06:13 ET]
Table 'Thule IV' 6-max Seat #5 is the button
Seat 1: Eredar5 ($100 in chips) 
Seat 2: blistein ($106.15 in chips) 
Seat 3: mr.Jckpot ($107.60 in chips) 
Seat 4: v.sting ($100 in chips) 
Seat 5: radu10101 ($123.50 in chips) 
Seat 6: yzuk ($105.38 in chips) 
yzuk: posts small blind $0.50
Eredar5: posts big blind $1
*** HOLE CARDS ***
blistein: folds 
mr.Jckpot: folds 
v.sting: folds 
radu10101: folds 
yzuk: raises $2 to $3
Eredar5: calls $2
*** FLOP *** [Jc Kc Td]
yzuk: checks 
Eredar5: checks 
*** TURN *** [Jc Kc Td] [Qh]
yzuk: bets $6.27
Eredar5: folds 
Uncalled bet ($6.27) returned to yzuk
yzuk collected $5.70 from pot
yzuk: doesn't show hand 
*** SUMMARY ***
Total pot $6 | Rake $0.30 
Board [Jc Kc Td Qh]
Seat 1: Eredar5 (big blind) folded on the Turn
Seat 2: blistein folded before Flop (didn't bet)
Seat 3: mr.Jckpot folded before Flop (didn't bet)
Seat 4: v.sting folded before Flop (didn't bet)
Seat 5: radu10101 (button) folded before Flop (didn't bet)
Seat 6: yzuk (small blind) collected ($5.70)



PokerStars Hand #254485049892:  Hold'em No Limit ($0.50/$1.00 USD) - 2025/01/21 16:07:04 WET [2025/01/21 11:07:04 ET]
Table 'Thule IV' 6-max Seat #6 is the button
Seat 1: Eredar5 ($100 in chips) 
Seat 2: blistein ($106.15 in chips) 
Seat 3: mr.Jckpot ($107.60 in chips) 
Seat 4: v.sting ($100 in chips) 
Seat 5: radu10101 ($123.50 in chips) 
Seat 6: yzuk ($108.08 in chips) 
Eredar5: posts small blind $0.50
blistein: posts big blind $1
*** HOLE CARDS ***
mr.Jckpot: folds 
v.sting: raises $1.50 to $2.50
radu10101: folds 
yzuk: folds 
Eredar5: folds 
blistein: calls $1.50
*** FLOP *** [3c Jc Qc]
blistein: checks 
v.sting: checks 
*** TURN *** [3c Jc Qc] [8s]
blistein: checks 
v.sting: bets $1.72
blistein: folds 
Uncalled bet ($1.72) returned to v.sting
v.sting collected $5.22 from pot
v.sting: doesn't show hand 
*** SUMMARY ***
Total pot $5.50 | Rake $0.28 
Board [3c Jc Qc 8s]
Seat 1: Eredar5 (small blind) folded before Flop
Seat 2: blistein (big blind) folded on the Turn
Seat 3: mr.Jckpot folded before Flop (didn't bet)
Seat 4: v.sting collected ($5.22)
Seat 5: radu10101 folded before Flop (didn't bet)
Seat 6: yzuk (button) folded before Flop (didn't bet)



