PokerStars Hand #254483638619:  Hold'em No Limit ($0.50/$1.00 USD) - 2025/01/21 14:03:12 WET [2025/01/21 9:03:12 ET]
Table 'Telamon IV' 6-max Seat #4 is the button
Seat 2: Cle0patr4 ($100 in chips) is sitting out
Seat 1: BGS013 ($101.50 in chips) 
Seat 3: pmeade1977 ($69.02 in chips) 
Seat 4: poker_soul11 ($100 in chips) 
Seat 6: AlexEliseev7 ($100 in chips) 
AlexEliseev7: posts small blind $0.50
BGS013: posts big blind $1
Cle0patr4: sits out 
*** HOLE CARDS ***
pmeade1977: folds 
poker_soul11: folds 
AlexEliseev7: folds 
Uncalled bet ($0.50) returned to BGS013
BGS013 collected $1 from pot
BGS013: doesn't show hand 
*** SUMMARY ***
Total pot $1 | Rake $0 
Seat 2: Cle0patr4
Seat 1: BGS013 (big blind) collected ($1)
Seat 3: pmeade1977 folded before Flop (didn't bet)
Seat 4: poker_soul11 (button) folded before Flop (didn't bet)
Seat 6: AlexEliseev7 (small blind) folded before Flop



PokerStars Hand #254483640797:  Hold'em No Limit ($0.50/$1.00 USD) - 2025/01/21 14:03:24 WET [2025/01/21 9:03:24 ET]
Table 'Telamon IV' 6-max Seat #6 is the button
Seat 1: BGS013 ($102 in chips) 
Seat 2: Cle0patr4 ($100 in chips) 
Seat 3: pmeade1977 ($69.02 in chips) 
Seat 4: poker_soul11 ($100 in chips) 
Seat 6: AlexEliseev7 ($100 in chips) 
BGS013: posts small blind $0.50
Cle0patr4: posts big blind $1
*** HOLE CARDS ***
pmeade1977: folds 
poker_soul11: folds 
AlexEliseev7: raises $1.50 to $2.50
BGS013: folds 
Cle0patr4: raises $9 to $11.50
AlexEliseev7: raises $13 to $24.50
Cle0patr4: raises $75.50 to $100 and is all-in
AlexEliseev7: calls $75.50 and is all-in
AlexEliseev7 has timed out
*** FLOP *** [Ah 3d 3s]
*** TURN *** [Ah 3d 3s] [9c]
*** RIVER *** [Ah 3d 3s 9c] [5d]
*** SHOW DOWN ***
Cle0patr4: shows [Qs Qd] (two pair, Queens and Threes)
AlexEliseev7: shows [Kc Kh] (two pair, Kings and Threes)
AlexEliseev7 collected $198 from pot
*** SUMMARY ***
Total pot $200.50 | Rake $2.50 
Board [Ah 3d 3s 9c 5d]
Seat 1: BGS013 (small blind) folded before Flop
Seat 2: Cle0patr4 (big blind) showed [Qs Qd] and lost with two pair, Queens and Threes
Seat 3: pmeade1977 folded before Flop (didn't bet)
Seat 4: poker_soul11 folded before Flop (didn't bet)
Seat 6: AlexEliseev7 (button) showed [Kc Kh] and won ($198) with two pair, Kings and Threes



PokerStars Hand #254483652096:  Hold'em No Limit ($0.50/$1.00 USD) - 2025/01/21 14:04:31 WET [2025/01/21 9:04:31 ET]
Table 'Telamon IV' 6-max Seat #1 is the button
Seat 1: BGS013 ($101.50 in chips) 
Seat 3: pmeade1977 ($69.02 in chips) 
Seat 4: poker_soul11 ($100 in chips) 
Seat 6: AlexEliseev7 ($198 in chips) 
pmeade1977: posts small blind $0.50
poker_soul11: posts big blind $1
*** HOLE CARDS ***
AlexEliseev7: raises $1.50 to $2.50
BGS013: folds 
pmeade1977: folds 
poker_soul11: raises $9.50 to $12
AlexEliseev7: calls $9.50
*** FLOP *** [5s 6d 3s]
poker_soul11: checks 
AlexEliseev7: bets $7.76
LeaveItYeah joins the table at seat #5 
poker_soul11: raises $80.24 to $88 and is all-in
AlexEliseev7: folds 
Uncalled bet ($80.24) returned to poker_soul11
poker_soul11 collected $39.02 from pot
poker_soul11: doesn't show hand 
*** SUMMARY ***
Total pot $40.02 | Rake $1 
Board [5s 6d 3s]
Seat 1: BGS013 (button) folded before Flop (didn't bet)
Seat 3: pmeade1977 (small blind) folded before Flop
Seat 4: poker_soul11 (big blind) collected ($39.02)
Seat 6: AlexEliseev7 folded on the Flop



PokerStars Hand #254483663968:  Hold'em No Limit ($0.50/$1.00 USD) - 2025/01/21 14:05:41 WET [2025/01/21 9:05:41 ET]
Table 'Telamon IV' 6-max Seat #3 is the button
Seat 1: BGS013 ($101.50 in chips) 
Seat 3: pmeade1977 ($68.52 in chips) 
Seat 4: poker_soul11 ($119.26 in chips) 
Seat 5: LeaveItYeah ($100 in chips) 
Seat 6: AlexEliseev7 ($178.24 in chips) 
poker_soul11: posts small blind $0.50
LeaveItYeah: posts big blind $1
*** HOLE CARDS ***
Dearic99 joins the table at seat #2 
AlexEliseev7: folds 
BGS013: folds 
pmeade1977: raises $3 to $4
poker_soul11: raises $115.26 to $119.26 and is all-in
LeaveItYeah: folds 
pmeade1977: folds 
Uncalled bet ($115.26) returned to poker_soul11
poker_soul11 collected $9 from pot
poker_soul11: doesn't show hand 
*** SUMMARY ***
Total pot $9 | Rake $0 
Seat 1: BGS013 folded before Flop (didn't bet)
Seat 3: pmeade1977 (button) folded before Flop
Seat 4: poker_soul11 (small blind) collected ($9)
Seat 5: LeaveItYeah (big blind) folded before Flop
Seat 6: AlexEliseev7 folded before Flop (didn't bet)



PokerStars Hand #254483669075:  Hold'em No Limit ($0.50/$1.00 USD) - 2025/01/21 14:06:11 WET [2025/01/21 9:06:11 ET]
Table 'Telamon IV' 6-max Seat #4 is the button
Seat 2: Dearic99 ($100 in chips) is sitting out
Seat 1: BGS013 ($101.50 in chips) 
Seat 3: pmeade1977 ($64.52 in chips) 
Seat 4: poker_soul11 ($124.26 in chips) 
Seat 5: LeaveItYeah ($100 in chips) 
Seat 6: AlexEliseev7 ($178.24 in chips) 
LeaveItYeah: posts small blind $0.50
AlexEliseev7: posts big blind $1
Dearic99: sits out 
*** HOLE CARDS ***
BGS013: folds 
pmeade1977: folds 
poker_soul11: raises $1.20 to $2.20
LeaveItYeah: folds 
AlexEliseev7: folds 
Uncalled bet ($1.20) returned to poker_soul11
poker_soul11 collected $2.50 from pot
poker_soul11: doesn't show hand 
*** SUMMARY ***
Total pot $2.50 | Rake $0 
Seat 2: Dearic99
Seat 1: BGS013 folded before Flop (didn't bet)
Seat 3: pmeade1977 folded before Flop (didn't bet)
Seat 4: poker_soul11 (button) collected ($2.50)
Seat 5: LeaveItYeah (small blind) folded before Flop
Seat 6: AlexEliseev7 (big blind) folded before Flop



PokerStars Hand #254483671708:  Hold'em No Limit ($0.50/$1.00 USD) - 2025/01/21 14:06:26 WET [2025/01/21 9:06:26 ET]
Table 'Telamon IV' 6-max Seat #5 is the button
Seat 2: Dearic99 ($100 in chips) is sitting out
Seat 1: BGS013 ($101.50 in chips) 
Seat 3: pmeade1977 ($64.52 in chips) 
Seat 4: poker_soul11 ($125.76 in chips) 
Seat 5: LeaveItYeah ($100 in chips) 
Seat 6: AlexEliseev7 ($177.24 in chips) 
AlexEliseev7: posts small blind $0.50
BGS013: posts big blind $1
Dearic99: sits out 
*** HOLE CARDS ***
pmeade1977: folds 
poker_soul11: folds 
LeaveItYeah: folds 
AlexEliseev7: folds 
Uncalled bet ($0.50) returned to BGS013
BGS013 collected $1 from pot
BGS013: doesn't show hand 
*** SUMMARY ***
Total pot $1 | Rake $0 
Seat 2: Dearic99
Seat 1: BGS013 (big blind) collected ($1)
Seat 3: pmeade1977 folded before Flop (didn't bet)
Seat 4: poker_soul11 folded before Flop (didn't bet)
Seat 5: LeaveItYeah (button) folded before Flop (didn't bet)
Seat 6: AlexEliseev7 (small blind) folded before Flop



PokerStars Hand #254483673884:  Hold'em No Limit ($0.50/$1.00 USD) - 2025/01/21 14:06:39 WET [2025/01/21 9:06:39 ET]
Table 'Telamon IV' 6-max Seat #6 is the button
Seat 1: BGS013 ($102 in chips) 
Seat 2: Dearic99 ($100 in chips) 
Seat 3: pmeade1977 ($64.52 in chips) 
Seat 4: poker_soul11 ($125.76 in chips) 
Seat 5: LeaveItYeah ($100 in chips) 
Seat 6: AlexEliseev7 ($176.74 in chips) 
BGS013: posts small blind $0.50
Dearic99: posts big blind $1
*** HOLE CARDS ***
pmeade1977: folds 
poker_soul11: folds 
LeaveItYeah: folds 
AlexEliseev7: raises $1.50 to $2.50
BGS013: folds 
Dearic99: folds 
Uncalled bet ($1.50) returned to AlexEliseev7
AlexEliseev7 collected $2.50 from pot
AlexEliseev7: doesn't show hand 
*** SUMMARY ***
Total pot $2.50 | Rake $0 
Seat 1: BGS013 (small blind) folded before Flop
Seat 2: Dearic99 (big blind) folded before Flop
Seat 3: pmeade1977 folded before Flop (didn't bet)
Seat 4: poker_soul11 folded before Flop (didn't bet)
Seat 5: LeaveItYeah folded before Flop (didn't bet)
Seat 6: AlexEliseev7 (button) collected ($2.50)



PokerStars Hand #254483678119:  Hold'em No Limit ($0.50/$1.00 USD) - 2025/01/21 14:07:04 WET [2025/01/21 9:07:04 ET]
Table 'Telamon IV' 6-max Seat #1 is the button
Seat 1: BGS013 ($101.50 in chips) 
Seat 2: Dearic99 ($100 in chips) 
Seat 3: pmeade1977 ($64.52 in chips) 
Seat 4: poker_soul11 ($125.76 in chips) 
Seat 5: LeaveItYeah ($100 in chips) 
Seat 6: AlexEliseev7 ($178.24 in chips) 
Dearic99: posts small blind $0.50
pmeade1977: posts big blind $1
*** HOLE CARDS ***
poker_soul11: folds 
LeaveItYeah: raises $1.10 to $2.10
AlexEliseev7: folds 
BGS013: folds 
Dearic99: folds 
pmeade1977: calls $1.10
*** FLOP *** [8c 2h 9d]
pmeade1977: checks 
LeaveItYeah: bets $1.78
pmeade1977: folds 
Uncalled bet ($1.78) returned to LeaveItYeah
LeaveItYeah collected $4.46 from pot
LeaveItYeah: doesn't show hand 
*** SUMMARY ***
Total pot $4.70 | Rake $0.24 
Board [8c 2h 9d]
Seat 1: BGS013 (button) folded before Flop (didn't bet)
Seat 2: Dearic99 (small blind) folded before Flop
Seat 3: pmeade1977 (big blind) folded on the Flop
Seat 4: poker_soul11 folded before Flop (didn't bet)
Seat 5: LeaveItYeah collected ($4.46)
Seat 6: AlexEliseev7 folded before Flop (didn't bet)



PokerStars Hand #254483684410:  Hold'em No Limit ($0.50/$1.00 USD) - 2025/01/21 14:07:40 WET [2025/01/21 9:07:40 ET]
Table 'Telamon IV' 6-max Seat #2 is the button
Seat 1: BGS013 ($101.50 in chips) 
Seat 2: Dearic99 ($100 in chips) 
Seat 3: pmeade1977 ($62.42 in chips) 
Seat 4: poker_soul11 ($125.76 in chips) 
Seat 5: LeaveItYeah ($102.36 in chips) 
Seat 6: AlexEliseev7 ($178.24 in chips) 
pmeade1977: posts small blind $0.50
poker_soul11: posts big blind $1
*** HOLE CARDS ***
LeaveItYeah: folds 
AlexEliseev7: folds 
BGS013: raises $1.50 to $2.50
Dearic99: folds 
pmeade1977: folds 
poker_soul11: folds 
Uncalled bet ($1.50) returned to BGS013
BGS013 collected $2.50 from pot
BGS013: doesn't show hand 
*** SUMMARY ***
Total pot $2.50 | Rake $0 
Seat 1: BGS013 collected ($2.50)
Seat 2: Dearic99 (button) folded before Flop (didn't bet)
Seat 3: pmeade1977 (small blind) folded before Flop
Seat 4: poker_soul11 (big blind) folded before Flop
Seat 5: LeaveItYeah folded before Flop (didn't bet)
Seat 6: AlexEliseev7 folded before Flop (didn't bet)



PokerStars Hand #254483687861:  Hold'em No Limit ($0.50/$1.00 USD) - 2025/01/21 14:08:00 WET [2025/01/21 9:08:00 ET]
Table 'Telamon IV' 6-max Seat #3 is the button
Seat 1: BGS013 ($103 in chips) 
Seat 2: Dearic99 ($100 in chips) 
Seat 3: pmeade1977 ($61.92 in chips) 
Seat 4: poker_soul11 ($124.76 in chips) 
Seat 5: LeaveItYeah ($102.36 in chips) 
Seat 6: AlexEliseev7 ($178.24 in chips) 
poker_soul11: posts small blind $0.50
LeaveItYeah: posts big blind $1
*** HOLE CARDS ***
AlexEliseev7: folds 
BGS013: folds 
Dearic99: folds 
pmeade1977: raises $1 to $2
poker_soul11: folds 
LeaveItYeah: calls $1
*** FLOP *** [3d 6c Td]
LeaveItYeah: checks 
pmeade1977: bets $4.28
LeaveItYeah: folds 
Uncalled bet ($4.28) returned to pmeade1977
pmeade1977 collected $4.28 from pot
*** SUMMARY ***
Total pot $4.50 | Rake $0.22 
Board [3d 6c Td]
Seat 1: BGS013 folded before Flop (didn't bet)
Seat 2: Dearic99 folded before Flop (didn't bet)
Seat 3: pmeade1977 (button) collected ($4.28)
Seat 4: poker_soul11 (small blind) folded before Flop
Seat 5: LeaveItYeah (big blind) folded on the Flop
Seat 6: AlexEliseev7 folded before Flop (didn't bet)



PokerStars Hand #254483693386:  Hold'em No Limit ($0.50/$1.00 USD) - 2025/01/21 14:08:33 WET [2025/01/21 9:08:33 ET]
Table 'Telamon IV' 6-max Seat #4 is the button
Seat 1: BGS013 ($103 in chips) 
Seat 2: Dearic99 ($100 in chips) 
Seat 3: pmeade1977 ($64.20 in chips) 
Seat 4: poker_soul11 ($124.26 in chips) 
Seat 5: LeaveItYeah ($100.36 in chips) 
Seat 6: AlexEliseev7 ($178.24 in chips) 
LeaveItYeah: posts small blind $0.50
AlexEliseev7: posts big blind $1
*** HOLE CARDS ***
BGS013: folds 
Dearic99: folds 
pmeade1977: folds 
poker_soul11: raises $1.20 to $2.20
LeaveItYeah: folds 
AlexEliseev7: folds 
Uncalled bet ($1.20) returned to poker_soul11
poker_soul11 collected $2.50 from pot
poker_soul11: doesn't show hand 
*** SUMMARY ***
Total pot $2.50 | Rake $0 
Seat 1: BGS013 folded before Flop (didn't bet)
Seat 2: Dearic99 folded before Flop (didn't bet)
Seat 3: pmeade1977 folded before Flop (didn't bet)
Seat 4: poker_soul11 (button) collected ($2.50)
Seat 5: LeaveItYeah (small blind) folded before Flop
Seat 6: AlexEliseev7 (big blind) folded before Flop



PokerStars Hand #254483697133:  Hold'em No Limit ($0.50/$1.00 USD) - 2025/01/21 14:08:55 WET [2025/01/21 9:08:55 ET]
Table 'Telamon IV' 6-max Seat #5 is the button
Seat 1: BGS013 ($103 in chips) 
Seat 2: Dearic99 ($100 in chips) 
Seat 3: pmeade1977 ($64.20 in chips) 
Seat 4: poker_soul11 ($125.76 in chips) 
Seat 5: LeaveItYeah ($100 in chips) 
Seat 6: AlexEliseev7 ($177.24 in chips) 
AlexEliseev7: posts small blind $0.50
BGS013: posts big blind $1
*** HOLE CARDS ***
Dearic99: raises $1.50 to $2.50
pmeade1977: folds 
poker_soul11: folds 
LeaveItYeah: folds 
AlexEliseev7: folds 
BGS013: folds 
Uncalled bet ($1.50) returned to Dearic99
Dearic99 collected $2.50 from pot
Dearic99: doesn't show hand 
*** SUMMARY ***
Total pot $2.50 | Rake $0 
Seat 1: BGS013 (big blind) folded before Flop
Seat 2: Dearic99 collected ($2.50)
Seat 3: pmeade1977 folded before Flop (didn't bet)
Seat 4: poker_soul11 folded before Flop (didn't bet)
Seat 5: LeaveItYeah (button) folded before Flop (didn't bet)
Seat 6: AlexEliseev7 (small blind) folded before Flop



PokerStars Hand #254483699726:  Hold'em No Limit ($0.50/$1.00 USD) - 2025/01/21 14:09:10 WET [2025/01/21 9:09:10 ET]
Table 'Telamon IV' 6-max Seat #6 is the button
Seat 1: BGS013 ($102 in chips) 
Seat 2: Dearic99 ($101.50 in chips) 
Seat 3: pmeade1977 ($64.20 in chips) 
Seat 4: poker_soul11 ($125.76 in chips) 
Seat 5: LeaveItYeah ($100 in chips) 
Seat 6: AlexEliseev7 ($176.74 in chips) 
BGS013: posts small blind $0.50
Dearic99: posts big blind $1
*** HOLE CARDS ***
pmeade1977: folds 
poker_soul11: folds 
LeaveItYeah: raises $1.25 to $2.25
AlexEliseev7: folds 
BGS013: folds 
Dearic99: folds 
Uncalled bet ($1.25) returned to LeaveItYeah
LeaveItYeah collected $2.50 from pot
LeaveItYeah: doesn't show hand 
*** SUMMARY ***
Total pot $2.50 | Rake $0 
Seat 1: BGS013 (small blind) folded before Flop
Seat 2: Dearic99 (big blind) folded before Flop
Seat 3: pmeade1977 folded before Flop (didn't bet)
Seat 4: poker_soul11 folded before Flop (didn't bet)
Seat 5: LeaveItYeah collected ($2.50)
Seat 6: AlexEliseev7 (button) folded before Flop (didn't bet)



PokerStars Hand #254483702621:  Hold'em No Limit ($0.50/$1.00 USD) - 2025/01/21 14:09:27 WET [2025/01/21 9:09:27 ET]
Table 'Telamon IV' 6-max Seat #1 is the button
Seat 1: BGS013 ($101.50 in chips) 
Seat 2: Dearic99 ($100.50 in chips) 
Seat 3: pmeade1977 ($64.20 in chips) 
Seat 4: poker_soul11 ($125.76 in chips) 
Seat 5: LeaveItYeah ($101.50 in chips) 
Seat 6: AlexEliseev7 ($176.74 in chips) 
Dearic99: posts small blind $0.50
pmeade1977: posts big blind $1
*** HOLE CARDS ***
poker_soul11: folds 
LeaveItYeah: folds 
AlexEliseev7: folds 
BGS013: folds 
Dearic99: raises $2 to $3
pmeade1977: folds 
Uncalled bet ($2) returned to Dearic99
Dearic99 collected $2 from pot
Dearic99: doesn't show hand 
*** SUMMARY ***
Total pot $2 | Rake $0 
Seat 1: BGS013 (button) folded before Flop (didn't bet)
Seat 2: Dearic99 (small blind) collected ($2)
Seat 3: pmeade1977 (big blind) folded before Flop
Seat 4: poker_soul11 folded before Flop (didn't bet)
Seat 5: LeaveItYeah folded before Flop (didn't bet)
Seat 6: AlexEliseev7 folded before Flop (didn't bet)



PokerStars Hand #254483706451:  Hold'em No Limit ($0.50/$1.00 USD) - 2025/01/21 14:09:50 WET [2025/01/21 9:09:50 ET]
Table 'Telamon IV' 6-max Seat #2 is the button
Seat 1: BGS013 ($101.50 in chips) 
Seat 2: Dearic99 ($101.50 in chips) 
Seat 3: pmeade1977 ($63.20 in chips) 
Seat 4: poker_soul11 ($125.76 in chips) 
Seat 5: LeaveItYeah ($101.50 in chips) 
Seat 6: AlexEliseev7 ($176.74 in chips) 
pmeade1977: posts small blind $0.50
poker_soul11: posts big blind $1
*** HOLE CARDS ***
LeaveItYeah: folds 
AlexEliseev7: folds 
BGS013: folds 
Dearic99: folds 
pmeade1977: folds 
Uncalled bet ($0.50) returned to poker_soul11
poker_soul11 collected $1 from pot
poker_soul11: doesn't show hand 
*** SUMMARY ***
Total pot $1 | Rake $0 
Seat 1: BGS013 folded before Flop (didn't bet)
Seat 2: Dearic99 (button) folded before Flop (didn't bet)
Seat 3: pmeade1977 (small blind) folded before Flop
Seat 4: poker_soul11 (big blind) collected ($1)
Seat 5: LeaveItYeah folded before Flop (didn't bet)
Seat 6: AlexEliseev7 folded before Flop (didn't bet)



PokerStars Hand #254483709013:  Hold'em No Limit ($0.50/$1.00 USD) - 2025/01/21 14:10:05 WET [2025/01/21 9:10:05 ET]
Table 'Telamon IV' 6-max Seat #3 is the button
Seat 1: BGS013 ($101.50 in chips) 
Seat 2: Dearic99 ($101.50 in chips) 
Seat 3: pmeade1977 ($62.70 in chips) 
Seat 4: poker_soul11 ($126.26 in chips) 
Seat 5: LeaveItYeah ($101.50 in chips) 
Seat 6: AlexEliseev7 ($176.74 in chips) 
poker_soul11: posts small blind $0.50
LeaveItYeah: posts big blind $1
*** HOLE CARDS ***
AlexEliseev7: folds 
BGS013: folds 
Dearic99: raises $1.50 to $2.50
pmeade1977: folds 
poker_soul11: folds 
LeaveItYeah: calls $1.50
*** FLOP *** [8d 4s 9d]
LeaveItYeah: checks 
Dearic99: bets $2.61
LeaveItYeah: folds 
Uncalled bet ($2.61) returned to Dearic99
Dearic99 collected $5.22 from pot
Dearic99: doesn't show hand 
*** SUMMARY ***
Total pot $5.50 | Rake $0.28 
Board [8d 4s 9d]
Seat 1: BGS013 folded before Flop (didn't bet)
Seat 2: Dearic99 collected ($5.22)
Seat 3: pmeade1977 (button) folded before Flop (didn't bet)
Seat 4: poker_soul11 (small blind) folded before Flop
Seat 5: LeaveItYeah (big blind) folded on the Flop
Seat 6: AlexEliseev7 folded before Flop (didn't bet)



PokerStars Hand #254483716861:  Hold'em No Limit ($0.50/$1.00 USD) - 2025/01/21 14:10:51 WET [2025/01/21 9:10:51 ET]
Table 'Telamon IV' 6-max Seat #4 is the button
Seat 1: BGS013 ($101.50 in chips) 
Seat 2: Dearic99 ($104.22 in chips) 
Seat 3: pmeade1977 ($62.70 in chips) 
Seat 4: poker_soul11 ($125.76 in chips) 
Seat 5: LeaveItYeah ($100 in chips) 
Seat 6: AlexEliseev7 ($176.74 in chips) 
LeaveItYeah: posts small blind $0.50
AlexEliseev7: posts big blind $1
*** HOLE CARDS ***
BGS013: folds 
Dearic99: raises $1.50 to $2.50
pmeade1977: folds 
poker_soul11: raises $5 to $7.50
LeaveItYeah: folds 
AlexEliseev7: folds 
Dearic99: folds 
Uncalled bet ($5) returned to poker_soul11
poker_soul11 collected $6.50 from pot
poker_soul11: doesn't show hand 
*** SUMMARY ***
Total pot $6.50 | Rake $0 
Seat 1: BGS013 folded before Flop (didn't bet)
Seat 2: Dearic99 folded before Flop
Seat 3: pmeade1977 folded before Flop (didn't bet)
Seat 4: poker_soul11 (button) collected ($6.50)
Seat 5: LeaveItYeah (small blind) folded before Flop
Seat 6: AlexEliseev7 (big blind) folded before Flop



PokerStars Hand #254483722547:  Hold'em No Limit ($0.50/$1.00 USD) - 2025/01/21 14:11:24 WET [2025/01/21 9:11:24 ET]
Table 'Telamon IV' 6-max Seat #5 is the button
Seat 1: BGS013 ($101.50 in chips) 
Seat 2: Dearic99 ($101.72 in chips) 
Seat 3: pmeade1977 ($62.70 in chips) 
Seat 4: poker_soul11 ($129.76 in chips) 
Seat 5: LeaveItYeah ($100 in chips) 
Seat 6: AlexEliseev7 ($175.74 in chips) 
AlexEliseev7: posts small blind $0.50
BGS013: posts big blind $1
*** HOLE CARDS ***
Dearic99: folds 
pmeade1977: folds 
poker_soul11: folds 
LeaveItYeah: raises $1.50 to $2.50
AlexEliseev7: folds 
BGS013: folds 
Uncalled bet ($1.50) returned to LeaveItYeah
LeaveItYeah collected $2.50 from pot
LeaveItYeah: doesn't show hand 
*** SUMMARY ***
Total pot $2.50 | Rake $0 
Seat 1: BGS013 (big blind) folded before Flop
Seat 2: Dearic99 folded before Flop (didn't bet)
Seat 3: pmeade1977 folded before Flop (didn't bet)
Seat 4: poker_soul11 folded before Flop (didn't bet)
Seat 5: LeaveItYeah (button) collected ($2.50)
Seat 6: AlexEliseev7 (small blind) folded before Flop



PokerStars Hand #254483727276:  Hold'em No Limit ($0.50/$1.00 USD) - 2025/01/21 14:11:52 WET [2025/01/21 9:11:52 ET]
Table 'Telamon IV' 6-max Seat #6 is the button
Seat 1: BGS013 ($100.50 in chips) 
Seat 2: Dearic99 ($101.72 in chips) 
Seat 3: pmeade1977 ($62.70 in chips) 
Seat 4: poker_soul11 ($129.76 in chips) 
Seat 5: LeaveItYeah ($101.50 in chips) 
Seat 6: AlexEliseev7 ($175.24 in chips) 
BGS013: posts small blind $0.50
Dearic99: posts big blind $1
*** HOLE CARDS ***
pmeade1977: folds 
poker_soul11: folds 
LeaveItYeah: folds 
AlexEliseev7: raises $1.50 to $2.50
BGS013: folds 
Dearic99: folds 
Uncalled bet ($1.50) returned to AlexEliseev7
AlexEliseev7 collected $2.50 from pot
AlexEliseev7: doesn't show hand 
*** SUMMARY ***
Total pot $2.50 | Rake $0 
Seat 1: BGS013 (small blind) folded before Flop
Seat 2: Dearic99 (big blind) folded before Flop
Seat 3: pmeade1977 folded before Flop (didn't bet)
Seat 4: poker_soul11 folded before Flop (didn't bet)
Seat 5: LeaveItYeah folded before Flop (didn't bet)
Seat 6: AlexEliseev7 (button) collected ($2.50)



PokerStars Hand #254483729640:  Hold'em No Limit ($0.50/$1.00 USD) - 2025/01/21 14:12:05 WET [2025/01/21 9:12:05 ET]
Table 'Telamon IV' 6-max Seat #1 is the button
Seat 1: BGS013 ($100 in chips) 
Seat 2: Dearic99 ($100.72 in chips) 
Seat 3: pmeade1977 ($62.70 in chips) 
Seat 4: poker_soul11 ($129.76 in chips) 
Seat 5: LeaveItYeah ($101.50 in chips) 
Seat 6: AlexEliseev7 ($176.74 in chips) 
Dearic99: posts small blind $0.50
pmeade1977: posts big blind $1
*** HOLE CARDS ***
poker_soul11: folds 
LeaveItYeah: folds 
AlexEliseev7: folds 
BGS013: folds 
Dearic99: raises $2 to $3
pmeade1977: folds 
Uncalled bet ($2) returned to Dearic99
Dearic99 collected $2 from pot
Dearic99: doesn't show hand 
*** SUMMARY ***
Total pot $2 | Rake $0 
Seat 1: BGS013 (button) folded before Flop (didn't bet)
Seat 2: Dearic99 (small blind) collected ($2)
Seat 3: pmeade1977 (big blind) folded before Flop
Seat 4: poker_soul11 folded before Flop (didn't bet)
Seat 5: LeaveItYeah folded before Flop (didn't bet)
Seat 6: AlexEliseev7 folded before Flop (didn't bet)



PokerStars Hand #254483733744:  Hold'em No Limit ($0.50/$1.00 USD) - 2025/01/21 14:12:29 WET [2025/01/21 9:12:29 ET]
Table 'Telamon IV' 6-max Seat #2 is the button
Seat 1: BGS013 ($100 in chips) 
Seat 2: Dearic99 ($101.72 in chips) 
Seat 3: pmeade1977 ($61.70 in chips) 
Seat 4: poker_soul11 ($129.76 in chips) 
Seat 5: LeaveItYeah ($101.50 in chips) 
Seat 6: AlexEliseev7 ($176.74 in chips) 
pmeade1977: posts small blind $0.50
poker_soul11: posts big blind $1
*** HOLE CARDS ***
LeaveItYeah: folds 
AlexEliseev7: folds 
BGS013: folds 
Dearic99: raises $1.50 to $2.50
pmeade1977: folds 
poker_soul11: folds 
Uncalled bet ($1.50) returned to Dearic99
Dearic99 collected $2.50 from pot
Dearic99: doesn't show hand 
*** SUMMARY ***
Total pot $2.50 | Rake $0 
Seat 1: BGS013 folded before Flop (didn't bet)
Seat 2: Dearic99 (button) collected ($2.50)
Seat 3: pmeade1977 (small blind) folded before Flop
Seat 4: poker_soul11 (big blind) folded before Flop
Seat 5: LeaveItYeah folded before Flop (didn't bet)
Seat 6: AlexEliseev7 folded before Flop (didn't bet)



PokerStars Hand #254483735966:  Hold'em No Limit ($0.50/$1.00 USD) - 2025/01/21 14:12:43 WET [2025/01/21 9:12:43 ET]
Table 'Telamon IV' 6-max Seat #3 is the button
Seat 1: BGS013 ($100 in chips) 
Seat 2: Dearic99 ($103.22 in chips) 
Seat 3: pmeade1977 ($61.20 in chips) 
Seat 4: poker_soul11 ($128.76 in chips) 
Seat 5: LeaveItYeah ($101.50 in chips) 
Seat 6: AlexEliseev7 ($176.74 in chips) 
poker_soul11: posts small blind $0.50
LeaveItYeah: posts big blind $1
*** HOLE CARDS ***
AlexEliseev7: folds 
BGS013: folds 
Dearic99: folds 
pmeade1977: folds 
poker_soul11: raises $2 to $3
LeaveItYeah: folds 
Uncalled bet ($2) returned to poker_soul11
poker_soul11 collected $2 from pot
poker_soul11: doesn't show hand 
*** SUMMARY ***
Total pot $2 | Rake $0 
Seat 1: BGS013 folded before Flop (didn't bet)
Seat 2: Dearic99 folded before Flop (didn't bet)
Seat 3: pmeade1977 (button) folded before Flop (didn't bet)
Seat 4: poker_soul11 (small blind) collected ($2)
Seat 5: LeaveItYeah (big blind) folded before Flop
Seat 6: AlexEliseev7 folded before Flop (didn't bet)



PokerStars Hand #254483740213:  Hold'em No Limit ($0.50/$1.00 USD) - 2025/01/21 14:13:07 WET [2025/01/21 9:13:07 ET]
Table 'Telamon IV' 6-max Seat #4 is the button
Seat 1: BGS013 ($100 in chips) 
Seat 2: Dearic99 ($103.22 in chips) 
Seat 3: pmeade1977 ($61.20 in chips) 
Seat 4: poker_soul11 ($129.76 in chips) 
Seat 5: LeaveItYeah ($100.50 in chips) 
Seat 6: AlexEliseev7 ($176.74 in chips) 
LeaveItYeah: posts small blind $0.50
AlexEliseev7: posts big blind $1
*** HOLE CARDS ***
BGS013: folds 
Dearic99: raises $1.50 to $2.50
pmeade1977: calls $2.50
poker_soul11: folds 
LeaveItYeah: folds 
AlexEliseev7: folds 
*** FLOP *** [5d Jd 3h]
Dearic99: checks 
pmeade1977: bets $3
Dearic99: folds 
Uncalled bet ($3) returned to pmeade1977
pmeade1977 collected $6.18 from pot
*** SUMMARY ***
Total pot $6.50 | Rake $0.32 
Board [5d Jd 3h]
Seat 1: BGS013 folded before Flop (didn't bet)
Seat 2: Dearic99 folded on the Flop
Seat 3: pmeade1977 collected ($6.18)
Seat 4: poker_soul11 (button) folded before Flop (didn't bet)
Seat 5: LeaveItYeah (small blind) folded before Flop
Seat 6: AlexEliseev7 (big blind) folded before Flop



PokerStars Hand #254483744992:  Hold'em No Limit ($0.50/$1.00 USD) - 2025/01/21 14:13:35 WET [2025/01/21 9:13:35 ET]
Table 'Telamon IV' 6-max Seat #5 is the button
Seat 1: BGS013 ($100 in chips) 
Seat 2: Dearic99 ($100.72 in chips) 
Seat 3: pmeade1977 ($64.88 in chips) 
Seat 4: poker_soul11 ($129.76 in chips) 
Seat 5: LeaveItYeah ($100 in chips) 
Seat 6: AlexEliseev7 ($175.74 in chips) 
AlexEliseev7: posts small blind $0.50
BGS013: posts big blind $1
*** HOLE CARDS ***
Dearic99: raises $1.50 to $2.50
pmeade1977: calls $2.50
poker_soul11: folds 
LeaveItYeah: folds 
AlexEliseev7: folds 
BGS013: folds 
*** FLOP *** [8s 6c Js]
Dearic99: bets $4.64
pmeade1977: folds 
Uncalled bet ($4.64) returned to Dearic99
Dearic99 collected $6.18 from pot
Dearic99: doesn't show hand 
*** SUMMARY ***
Total pot $6.50 | Rake $0.32 
Board [8s 6c Js]
Seat 1: BGS013 (big blind) folded before Flop
Seat 2: Dearic99 collected ($6.18)
Seat 3: pmeade1977 folded on the Flop
Seat 4: poker_soul11 folded before Flop (didn't bet)
Seat 5: LeaveItYeah (button) folded before Flop (didn't bet)
Seat 6: AlexEliseev7 (small blind) folded before Flop



PokerStars Hand #254483751231:  Hold'em No Limit ($0.50/$1.00 USD) - 2025/01/21 14:14:12 WET [2025/01/21 9:14:12 ET]
Table 'Telamon IV' 6-max Seat #6 is the button
Seat 1: BGS013 ($100 in chips) 
Seat 2: Dearic99 ($104.40 in chips) 
Seat 3: pmeade1977 ($62.38 in chips) 
Seat 4: poker_soul11 ($129.76 in chips) 
Seat 5: LeaveItYeah ($100 in chips) 
Seat 6: AlexEliseev7 ($175.24 in chips) 
BGS013: posts small blind $0.50
Dearic99: posts big blind $1
*** HOLE CARDS ***
pmeade1977: folds 
poker_soul11: folds 
LeaveItYeah: folds 
AlexEliseev7: folds 
BGS013: folds 
Uncalled bet ($0.50) returned to Dearic99
Dearic99 collected $1 from pot
Dearic99: doesn't show hand 
*** SUMMARY ***
Total pot $1 | Rake $0 
Seat 1: BGS013 (small blind) folded before Flop
Seat 2: Dearic99 (big blind) collected ($1)
Seat 3: pmeade1977 folded before Flop (didn't bet)
Seat 4: poker_soul11 folded before Flop (didn't bet)
Seat 5: LeaveItYeah folded before Flop (didn't bet)
Seat 6: AlexEliseev7 (button) folded before Flop (didn't bet)



PokerStars Hand #254483753487:  Hold'em No Limit ($0.50/$1.00 USD) - 2025/01/21 14:14:25 WET [2025/01/21 9:14:25 ET]
Table 'Telamon IV' 6-max Seat #1 is the button
Seat 1: BGS013 ($100 in chips) 
Seat 2: Dearic99 ($104.90 in chips) 
Seat 3: pmeade1977 ($62.38 in chips) 
Seat 4: poker_soul11 ($129.76 in chips) 
Seat 5: LeaveItYeah ($100 in chips) 
Seat 6: AlexEliseev7 ($175.24 in chips) 
Dearic99: posts small blind $0.50
pmeade1977: posts big blind $1
*** HOLE CARDS ***
poker_soul11: folds 
LeaveItYeah: raises $1.10 to $2.10
AlexEliseev7: raises $5.40 to $7.50
BGS013: folds 
Dearic99: folds 
pmeade1977: folds 
LeaveItYeah: folds 
Uncalled bet ($5.40) returned to AlexEliseev7
AlexEliseev7 collected $5.70 from pot
AlexEliseev7: doesn't show hand 
*** SUMMARY ***
Total pot $5.70 | Rake $0 
Seat 1: BGS013 (button) folded before Flop (didn't bet)
Seat 2: Dearic99 (small blind) folded before Flop
Seat 3: pmeade1977 (big blind) folded before Flop
Seat 4: poker_soul11 folded before Flop (didn't bet)
Seat 5: LeaveItYeah folded before Flop
Seat 6: AlexEliseev7 collected ($5.70)



PokerStars Hand #254483758192:  Hold'em No Limit ($0.50/$1.00 USD) - 2025/01/21 14:14:52 WET [2025/01/21 9:14:52 ET]
Table 'Telamon IV' 6-max Seat #2 is the button
Seat 1: BGS013 ($100 in chips) 
Seat 2: Dearic99 ($104.40 in chips) 
Seat 3: pmeade1977 ($61.38 in chips) 
Seat 4: poker_soul11 ($129.76 in chips) 
Seat 5: LeaveItYeah ($100 in chips) 
Seat 6: AlexEliseev7 ($178.84 in chips) 
pmeade1977: posts small blind $0.50
poker_soul11: posts big blind $1
*** HOLE CARDS ***
LeaveItYeah: folds 
AlexEliseev7: folds 
BGS013: raises $1.50 to $2.50
Dearic99: folds 
pmeade1977: folds 
poker_soul11: raises $9.50 to $12
BGS013: raises $12 to $24
poker_soul11: folds 
Uncalled bet ($12) returned to BGS013
BGS013 collected $24.50 from pot
BGS013: doesn't show hand 
*** SUMMARY ***
Total pot $24.50 | Rake $0 
Seat 1: BGS013 collected ($24.50)
Seat 2: Dearic99 (button) folded before Flop (didn't bet)
Seat 3: pmeade1977 (small blind) folded before Flop
Seat 4: poker_soul11 (big blind) folded before Flop
Seat 5: LeaveItYeah folded before Flop (didn't bet)
Seat 6: AlexEliseev7 folded before Flop (didn't bet)



PokerStars Hand #254483766134:  Hold'em No Limit ($0.50/$1.00 USD) - 2025/01/21 14:15:37 WET [2025/01/21 9:15:37 ET]
Table 'Telamon IV' 6-max Seat #3 is the button
Seat 1: BGS013 ($112.50 in chips) 
Seat 2: Dearic99 ($104.40 in chips) 
Seat 3: pmeade1977 ($60.88 in chips) 
Seat 4: poker_soul11 ($117.76 in chips) 
Seat 5: LeaveItYeah ($100 in chips) 
Seat 6: AlexEliseev7 ($178.84 in chips) 
poker_soul11: posts small blind $0.50
LeaveItYeah: posts big blind $1
*** HOLE CARDS ***
AlexEliseev7: folds 
BGS013: folds 
Dearic99: folds 
pmeade1977: folds 
poker_soul11: folds 
Uncalled bet ($0.50) returned to LeaveItYeah
LeaveItYeah collected $1 from pot
LeaveItYeah: doesn't show hand 
*** SUMMARY ***
Total pot $1 | Rake $0 
Seat 1: BGS013 folded before Flop (didn't bet)
Seat 2: Dearic99 folded before Flop (didn't bet)
Seat 3: pmeade1977 (button) folded before Flop (didn't bet)
Seat 4: poker_soul11 (small blind) folded before Flop
Seat 5: LeaveItYeah (big blind) collected ($1)
Seat 6: AlexEliseev7 folded before Flop (didn't bet)



PokerStars Hand #254483767914:  Hold'em No Limit ($0.50/$1.00 USD) - 2025/01/21 14:15:48 WET [2025/01/21 9:15:48 ET]
Table 'Telamon IV' 6-max Seat #4 is the button
Seat 1: BGS013 ($112.50 in chips) 
Seat 2: Dearic99 ($104.40 in chips) 
Seat 3: pmeade1977 ($60.88 in chips) 
Seat 4: poker_soul11 ($117.26 in chips) 
Seat 5: LeaveItYeah ($100.50 in chips) 
Seat 6: AlexEliseev7 ($178.84 in chips) 
LeaveItYeah: posts small blind $0.50
AlexEliseev7: posts big blind $1
*** HOLE CARDS ***
BGS013: folds 
Dearic99: folds 
pmeade1977: raises $1 to $2
poker_soul11: folds 
LeaveItYeah: folds 
AlexEliseev7: folds 
Uncalled bet ($1) returned to pmeade1977
pmeade1977 collected $2.50 from pot
*** SUMMARY ***
Total pot $2.50 | Rake $0 
Seat 1: BGS013 folded before Flop (didn't bet)
Seat 2: Dearic99 folded before Flop (didn't bet)
Seat 3: pmeade1977 collected ($2.50)
Seat 4: poker_soul11 (button) folded before Flop (didn't bet)
Seat 5: LeaveItYeah (small blind) folded before Flop
Seat 6: AlexEliseev7 (big blind) folded before Flop



PokerStars Hand #254483772300:  Hold'em No Limit ($0.50/$1.00 USD) - 2025/01/21 14:16:13 WET [2025/01/21 9:16:13 ET]
Table 'Telamon IV' 6-max Seat #5 is the button
Seat 1: BGS013 ($112.50 in chips) 
Seat 2: Dearic99 ($104.40 in chips) 
Seat 3: pmeade1977 ($62.38 in chips) 
Seat 4: poker_soul11 ($117.26 in chips) 
Seat 5: LeaveItYeah ($100 in chips) 
Seat 6: AlexEliseev7 ($177.84 in chips) 
AlexEliseev7: posts small blind $0.50
BGS013: posts big blind $1
*** HOLE CARDS ***
Dearic99: folds 
pmeade1977: folds 
poker_soul11: raises $1.20 to $2.20
LeaveItYeah: folds 
AlexEliseev7: folds 
BGS013: folds 
Uncalled bet ($1.20) returned to poker_soul11
poker_soul11 collected $2.50 from pot
poker_soul11: doesn't show hand 
*** SUMMARY ***
Total pot $2.50 | Rake $0 
Seat 1: BGS013 (big blind) folded before Flop
Seat 2: Dearic99 folded before Flop (didn't bet)
Seat 3: pmeade1977 folded before Flop (didn't bet)
Seat 4: poker_soul11 collected ($2.50)
Seat 5: LeaveItYeah (button) folded before Flop (didn't bet)
Seat 6: AlexEliseev7 (small blind) folded before Flop



PokerStars Hand #254483776505:  Hold'em No Limit ($0.50/$1.00 USD) - 2025/01/21 14:16:37 WET [2025/01/21 9:16:37 ET]
Table 'Telamon IV' 6-max Seat #6 is the button
Seat 1: BGS013 ($111.50 in chips) 
Seat 2: Dearic99 ($104.40 in chips) 
Seat 3: pmeade1977 ($62.38 in chips) 
Seat 4: poker_soul11 ($118.76 in chips) 
Seat 5: LeaveItYeah ($100 in chips) 
Seat 6: AlexEliseev7 ($177.34 in chips) 
BGS013: posts small blind $0.50
Dearic99: posts big blind $1
*** HOLE CARDS ***
pmeade1977: folds 
poker_soul11: raises $1.20 to $2.20
LeaveItYeah: raises $4.40 to $6.60
AlexEliseev7: raises $9.90 to $16.50
BGS013: folds 
Dearic99: folds 
poker_soul11: folds 
LeaveItYeah: folds 
Uncalled bet ($9.90) returned to AlexEliseev7
AlexEliseev7 collected $16.90 from pot
AlexEliseev7: doesn't show hand 
*** SUMMARY ***
Total pot $16.90 | Rake $0 
Seat 1: BGS013 (small blind) folded before Flop
Seat 2: Dearic99 (big blind) folded before Flop
Seat 3: pmeade1977 folded before Flop (didn't bet)
Seat 4: poker_soul11 folded before Flop
Seat 5: LeaveItYeah folded before Flop
Seat 6: AlexEliseev7 (button) collected ($16.90)



PokerStars Hand #254483787539:  Hold'em No Limit ($0.50/$1.00 USD) - 2025/01/21 14:17:42 WET [2025/01/21 9:17:42 ET]
Table 'Telamon IV' 6-max Seat #1 is the button
Seat 1: BGS013 ($111 in chips) 
Seat 2: Dearic99 ($103.40 in chips) 
Seat 3: pmeade1977 ($62.38 in chips) 
Seat 4: poker_soul11 ($116.56 in chips) 
Seat 5: LeaveItYeah ($100 in chips) 
Seat 6: AlexEliseev7 ($187.64 in chips) 
Dearic99: posts small blind $0.50
pmeade1977: posts big blind $1
*** HOLE CARDS ***
poker_soul11: folds 
LeaveItYeah: folds 
AlexEliseev7: folds 
BGS013: folds 
Dearic99: raises $2 to $3
pmeade1977: calls $2
*** FLOP *** [Jh Qh 7s]
Dearic99: checks 
pmeade1977: bets $5.70
Dearic99: folds 
Uncalled bet ($5.70) returned to pmeade1977
pmeade1977 collected $5.70 from pot
*** SUMMARY ***
Total pot $6 | Rake $0.30 
Board [Jh Qh 7s]
Seat 1: BGS013 (button) folded before Flop (didn't bet)
Seat 2: Dearic99 (small blind) folded on the Flop
Seat 3: pmeade1977 (big blind) collected ($5.70)
Seat 4: poker_soul11 folded before Flop (didn't bet)
Seat 5: LeaveItYeah folded before Flop (didn't bet)
Seat 6: AlexEliseev7 folded before Flop (didn't bet)



PokerStars Hand #254483792480:  Hold'em No Limit ($0.50/$1.00 USD) - 2025/01/21 14:18:11 WET [2025/01/21 9:18:11 ET]
Table 'Telamon IV' 6-max Seat #2 is the button
Seat 1: BGS013 ($111 in chips) 
Seat 2: Dearic99 ($100.40 in chips) 
Seat 3: pmeade1977 ($65.08 in chips) 
Seat 4: poker_soul11 ($116.56 in chips) 
Seat 5: LeaveItYeah ($100 in chips) 
Seat 6: AlexEliseev7 ($187.64 in chips) 
pmeade1977: posts small blind $0.50
poker_soul11: posts big blind $1
*** HOLE CARDS ***
LeaveItYeah: folds 
AlexEliseev7: folds 
BGS013: folds 
Dearic99: raises $1.50 to $2.50
pmeade1977: folds 
poker_soul11: folds 
Uncalled bet ($1.50) returned to Dearic99
Dearic99 collected $2.50 from pot
Dearic99: doesn't show hand 
*** SUMMARY ***
Total pot $2.50 | Rake $0 
Seat 1: BGS013 folded before Flop (didn't bet)
Seat 2: Dearic99 (button) collected ($2.50)
Seat 3: pmeade1977 (small blind) folded before Flop
Seat 4: poker_soul11 (big blind) folded before Flop
Seat 5: LeaveItYeah folded before Flop (didn't bet)
Seat 6: AlexEliseev7 folded before Flop (didn't bet)



PokerStars Hand #254483795609:  Hold'em No Limit ($0.50/$1.00 USD) - 2025/01/21 14:18:29 WET [2025/01/21 9:18:29 ET]
Table 'Telamon IV' 6-max Seat #3 is the button
Seat 1: BGS013 ($111 in chips) 
Seat 2: Dearic99 ($101.90 in chips) 
Seat 3: pmeade1977 ($64.58 in chips) 
Seat 4: poker_soul11 ($115.56 in chips) 
Seat 5: LeaveItYeah ($100 in chips) 
Seat 6: AlexEliseev7 ($187.64 in chips) 
poker_soul11: posts small blind $0.50
LeaveItYeah: posts big blind $1
*** HOLE CARDS ***
AlexEliseev7: folds 
BGS013: folds 
Dearic99: raises $1.50 to $2.50
pmeade1977: folds 
poker_soul11: folds 
LeaveItYeah: calls $1.50
*** FLOP *** [2s 7h 4c]
LeaveItYeah: checks 
Dearic99: bets $2.61
LeaveItYeah: calls $2.61
*** TURN *** [2s 7h 4c] [9h]
LeaveItYeah: checks 
Dearic99: checks 
*** RIVER *** [2s 7h 4c 9h] [As]
LeaveItYeah: checks 
Dearic99: bets $5.09
LeaveItYeah: calls $5.09
*** SHOW DOWN ***
Dearic99: shows [Ac Td] (a pair of Aces)
LeaveItYeah: mucks hand 
Dearic99 collected $19.86 from pot
*** SUMMARY ***
Total pot $20.90 | Rake $1.04 
Board [2s 7h 4c 9h As]
Seat 1: BGS013 folded before Flop (didn't bet)
Seat 2: Dearic99 showed [Ac Td] and won ($19.86) with a pair of Aces
Seat 3: pmeade1977 (button) folded before Flop (didn't bet)
Seat 4: poker_soul11 (small blind) folded before Flop
Seat 5: LeaveItYeah (big blind) mucked
Seat 6: AlexEliseev7 folded before Flop (didn't bet)



PokerStars Hand #254483807385:  Hold'em No Limit ($0.50/$1.00 USD) - 2025/01/21 14:19:37 WET [2025/01/21 9:19:37 ET]
Table 'Telamon IV' 6-max Seat #4 is the button
Seat 1: BGS013 ($111 in chips) 
Seat 2: Dearic99 ($111.56 in chips) 
Seat 3: pmeade1977 ($64.58 in chips) 
Seat 4: poker_soul11 ($115.06 in chips) 
Seat 5: LeaveItYeah ($100 in chips) 
Seat 6: AlexEliseev7 ($187.64 in chips) 
LeaveItYeah: posts small blind $0.50
AlexEliseev7: posts big blind $1
*** HOLE CARDS ***
BGS013: raises $1 to $2
Dearic99: folds 
pmeade1977: raises $12.12 to $14.12
poker_soul11: folds 
LeaveItYeah: folds 
AlexEliseev7: folds 
BGS013: folds 
Uncalled bet ($12.12) returned to pmeade1977
pmeade1977 collected $5.50 from pot
*** SUMMARY ***
Total pot $5.50 | Rake $0 
Seat 1: BGS013 folded before Flop
Seat 2: Dearic99 folded before Flop (didn't bet)
Seat 3: pmeade1977 collected ($5.50)
Seat 4: poker_soul11 (button) folded before Flop (didn't bet)
Seat 5: LeaveItYeah (small blind) folded before Flop
Seat 6: AlexEliseev7 (big blind) folded before Flop



PokerStars Hand #254483812674:  Hold'em No Limit ($0.50/$1.00 USD) - 2025/01/21 14:20:07 WET [2025/01/21 9:20:07 ET]
Table 'Telamon IV' 6-max Seat #5 is the button
Seat 1: BGS013 ($109 in chips) 
Seat 2: Dearic99 ($111.56 in chips) 
Seat 3: pmeade1977 ($68.08 in chips) 
Seat 4: poker_soul11 ($115.06 in chips) 
Seat 5: LeaveItYeah ($100 in chips) 
Seat 6: AlexEliseev7 ($186.64 in chips) 
AlexEliseev7: posts small blind $0.50
BGS013: posts big blind $1
*** HOLE CARDS ***
Dearic99: folds 
pmeade1977: folds 
poker_soul11: raises $1.20 to $2.20
LeaveItYeah: folds 
AlexEliseev7: folds 
BGS013: folds 
Uncalled bet ($1.20) returned to poker_soul11
poker_soul11 collected $2.50 from pot
poker_soul11: doesn't show hand 
*** SUMMARY ***
Total pot $2.50 | Rake $0 
Seat 1: BGS013 (big blind) folded before Flop
Seat 2: Dearic99 folded before Flop (didn't bet)
Seat 3: pmeade1977 folded before Flop (didn't bet)
Seat 4: poker_soul11 collected ($2.50)
Seat 5: LeaveItYeah (button) folded before Flop (didn't bet)
Seat 6: AlexEliseev7 (small blind) folded before Flop



PokerStars Hand #254483817731:  Hold'em No Limit ($0.50/$1.00 USD) - 2025/01/21 14:20:36 WET [2025/01/21 9:20:36 ET]
Table 'Telamon IV' 6-max Seat #6 is the button
Seat 1: BGS013 ($108 in chips) 
Seat 2: Dearic99 ($111.56 in chips) 
Seat 3: pmeade1977 ($68.08 in chips) 
Seat 4: poker_soul11 ($116.56 in chips) 
Seat 5: LeaveItYeah ($100 in chips) 
Seat 6: AlexEliseev7 ($186.14 in chips) 
BGS013: posts small blind $0.50
Dearic99: posts big blind $1
*** HOLE CARDS ***
pmeade1977: folds 
poker_soul11: folds 
LeaveItYeah: folds 
AlexEliseev7: raises $1.50 to $2.50
BGS013: folds 
Dearic99: calls $1.50
*** FLOP *** [6s 4c 7s]
Dearic99: checks 
AlexEliseev7: checks 
*** TURN *** [6s 4c 7s] [Jh]
Dearic99: checks 
AlexEliseev7: checks 
*** RIVER *** [6s 4c 7s Jh] [As]
Dearic99: checks 
AlexEliseev7: checks 
*** SHOW DOWN ***
Dearic99: shows [6d 8d] (a pair of Sixes)
AlexEliseev7: mucks hand 
Dearic99 collected $5.22 from pot
*** SUMMARY ***
Total pot $5.50 | Rake $0.28 
Board [6s 4c 7s Jh As]
Seat 1: BGS013 (small blind) folded before Flop
Seat 2: Dearic99 (big blind) showed [6d 8d] and won ($5.22) with a pair of Sixes
Seat 3: pmeade1977 folded before Flop (didn't bet)
Seat 4: poker_soul11 folded before Flop (didn't bet)
Seat 5: LeaveItYeah folded before Flop (didn't bet)
Seat 6: AlexEliseev7 (button) mucked



PokerStars Hand #254483830576:  Hold'em No Limit ($0.50/$1.00 USD) - 2025/01/21 14:21:50 WET [2025/01/21 9:21:50 ET]
Table 'Telamon IV' 6-max Seat #1 is the button
Seat 1: BGS013 ($107.50 in chips) 
Seat 2: Dearic99 ($114.28 in chips) 
Seat 3: pmeade1977 ($68.08 in chips) 
Seat 4: poker_soul11 ($116.56 in chips) 
Seat 5: LeaveItYeah ($100 in chips) 
Seat 6: AlexEliseev7 ($183.64 in chips) 
Dearic99: posts small blind $0.50
pmeade1977: posts big blind $1
*** HOLE CARDS ***
poker_soul11: folds 
LeaveItYeah: folds 
AlexEliseev7: folds 
BGS013: folds 
Dearic99: folds 
Uncalled bet ($0.50) returned to pmeade1977
pmeade1977 collected $1 from pot
*** SUMMARY ***
Total pot $1 | Rake $0 
Seat 1: BGS013 (button) folded before Flop (didn't bet)
Seat 2: Dearic99 (small blind) folded before Flop
Seat 3: pmeade1977 (big blind) collected ($1)
Seat 4: poker_soul11 folded before Flop (didn't bet)
Seat 5: LeaveItYeah folded before Flop (didn't bet)
Seat 6: AlexEliseev7 folded before Flop (didn't bet)



PokerStars Hand #254483832808:  Hold'em No Limit ($0.50/$1.00 USD) - 2025/01/21 14:22:03 WET [2025/01/21 9:22:03 ET]
Table 'Telamon IV' 6-max Seat #2 is the button
Seat 1: BGS013 ($107.50 in chips) 
Seat 2: Dearic99 ($113.78 in chips) 
Seat 3: pmeade1977 ($68.58 in chips) 
Seat 4: poker_soul11 ($116.56 in chips) 
Seat 5: LeaveItYeah ($100 in chips) 
Seat 6: AlexEliseev7 ($183.64 in chips) 
pmeade1977: posts small blind $0.50
poker_soul11: posts big blind $1
*** HOLE CARDS ***
LeaveItYeah: folds 
AlexEliseev7: raises $1.50 to $2.50
BGS013: folds 
Dearic99: folds 
pmeade1977: calls $2
poker_soul11: folds 
*** FLOP *** [Qd 6d 5c]
pmeade1977: checks 
AlexEliseev7: checks 
*** TURN *** [Qd 6d 5c] [Ad]
pmeade1977: bets $2
AlexEliseev7: calls $2
*** RIVER *** [Qd 6d 5c Ad] [3h]
pmeade1977: checks 
AlexEliseev7: bets $7.41
pmeade1977: folds 
Uncalled bet ($7.41) returned to AlexEliseev7
AlexEliseev7 collected $9.50 from pot
AlexEliseev7: doesn't show hand 
*** SUMMARY ***
Total pot $10 | Rake $0.50 
Board [Qd 6d 5c Ad 3h]
Seat 1: BGS013 folded before Flop (didn't bet)
Seat 2: Dearic99 (button) folded before Flop (didn't bet)
Seat 3: pmeade1977 (small blind) folded on the River
Seat 4: poker_soul11 (big blind) folded before Flop
Seat 5: LeaveItYeah folded before Flop (didn't bet)
Seat 6: AlexEliseev7 collected ($9.50)



PokerStars Hand #254483841124:  Hold'em No Limit ($0.50/$1.00 USD) - 2025/01/21 14:22:51 WET [2025/01/21 9:22:51 ET]
Table 'Telamon IV' 6-max Seat #3 is the button
Seat 1: BGS013 ($107.50 in chips) 
Seat 2: Dearic99 ($113.78 in chips) 
Seat 3: pmeade1977 ($64.08 in chips) 
Seat 4: poker_soul11 ($115.56 in chips) 
Seat 5: LeaveItYeah ($100 in chips) 
Seat 6: AlexEliseev7 ($188.64 in chips) 
poker_soul11: posts small blind $0.50
LeaveItYeah: posts big blind $1
*** HOLE CARDS ***
AlexEliseev7: folds 
BGS013: folds 
Dearic99: folds 
pmeade1977: folds 
poker_soul11: raises $2 to $3
LeaveItYeah: calls $2
*** FLOP *** [3d 6s Qd]
poker_soul11: bets $1.43
LeaveItYeah: folds 
Uncalled bet ($1.43) returned to poker_soul11
poker_soul11 collected $5.70 from pot
poker_soul11: doesn't show hand 
*** SUMMARY ***
Total pot $6 | Rake $0.30 
Board [3d 6s Qd]
Seat 1: BGS013 folded before Flop (didn't bet)
Seat 2: Dearic99 folded before Flop (didn't bet)
Seat 3: pmeade1977 (button) folded before Flop (didn't bet)
Seat 4: poker_soul11 (small blind) collected ($5.70)
Seat 5: LeaveItYeah (big blind) folded on the Flop
Seat 6: AlexEliseev7 folded before Flop (didn't bet)



PokerStars Hand #254483849183:  Hold'em No Limit ($0.50/$1.00 USD) - 2025/01/21 14:23:37 WET [2025/01/21 9:23:37 ET]
Table 'Telamon IV' 6-max Seat #4 is the button
Seat 1: BGS013 ($107.50 in chips) 
Seat 2: Dearic99 ($113.78 in chips) 
Seat 3: pmeade1977 ($64.08 in chips) 
Seat 4: poker_soul11 ($118.26 in chips) 
Seat 5: LeaveItYeah ($100 in chips) 
Seat 6: AlexEliseev7 ($188.64 in chips) 
LeaveItYeah: posts small blind $0.50
AlexEliseev7: posts big blind $1
*** HOLE CARDS ***
BGS013: folds 
Dearic99: folds 
pmeade1977: raises $4.55 to $5.55
poker_soul11: folds 
LeaveItYeah: folds 
AlexEliseev7: folds 
Uncalled bet ($4.55) returned to pmeade1977
pmeade1977 collected $2.50 from pot
*** SUMMARY ***
Total pot $2.50 | Rake $0 
Seat 1: BGS013 folded before Flop (didn't bet)
Seat 2: Dearic99 folded before Flop (didn't bet)
Seat 3: pmeade1977 collected ($2.50)
Seat 4: poker_soul11 (button) folded before Flop (didn't bet)
Seat 5: LeaveItYeah (small blind) folded before Flop
Seat 6: AlexEliseev7 (big blind) folded before Flop



PokerStars Hand #254483853206:  Hold'em No Limit ($0.50/$1.00 USD) - 2025/01/21 14:24:00 WET [2025/01/21 9:24:00 ET]
Table 'Telamon IV' 6-max Seat #5 is the button
Seat 1: BGS013 ($107.50 in chips) 
Seat 2: Dearic99 ($113.78 in chips) 
Seat 3: pmeade1977 ($65.58 in chips) 
Seat 4: poker_soul11 ($118.26 in chips) 
Seat 5: LeaveItYeah ($100 in chips) 
Seat 6: AlexEliseev7 ($187.64 in chips) 
AlexEliseev7: posts small blind $0.50
BGS013: posts big blind $1
*** HOLE CARDS ***
Dearic99: folds 
pmeade1977: folds 
poker_soul11: folds 
LeaveItYeah: folds 
AlexEliseev7: raises $2 to $3
BGS013: raises $6.50 to $9.50
Dearic99 leaves the table
Cositorto joins the table at seat #2 
AlexEliseev7: raises $13.50 to $23
BGS013: folds 
Uncalled bet ($13.50) returned to AlexEliseev7
AlexEliseev7 collected $19 from pot
AlexEliseev7: doesn't show hand 
*** SUMMARY ***
Total pot $19 | Rake $0 
Seat 1: BGS013 (big blind) folded before Flop
Seat 2: Dearic99 folded before Flop (didn't bet)
Seat 3: pmeade1977 folded before Flop (didn't bet)
Seat 4: poker_soul11 folded before Flop (didn't bet)
Seat 5: LeaveItYeah (button) folded before Flop (didn't bet)
Seat 6: AlexEliseev7 (small blind) collected ($19)



PokerStars Hand #254483859950:  Hold'em No Limit ($0.50/$1.00 USD) - 2025/01/21 14:24:39 WET [2025/01/21 9:24:39 ET]
Table 'Telamon IV' 6-max Seat #6 is the button
Seat 1: BGS013 ($100 in chips) 
Seat 2: Cositorto ($100 in chips) 
Seat 3: pmeade1977 ($65.58 in chips) 
Seat 4: poker_soul11 ($118.26 in chips) 
Seat 5: LeaveItYeah ($100 in chips) 
Seat 6: AlexEliseev7 ($197.14 in chips) 
BGS013: posts small blind $0.50
Cositorto: posts big blind $1
*** HOLE CARDS ***
pmeade1977: folds 
poker_soul11: folds 
LeaveItYeah: folds 
AlexEliseev7: folds 
BGS013: raises $2 to $3
Cositorto: raises $6.50 to $9.50
BGS013: folds 
Uncalled bet ($6.50) returned to Cositorto
Cositorto collected $6 from pot
Cositorto: doesn't show hand 
*** SUMMARY ***
Total pot $6 | Rake $0 
Seat 1: BGS013 (small blind) folded before Flop
Seat 2: Cositorto (big blind) collected ($6)
Seat 3: pmeade1977 folded before Flop (didn't bet)
Seat 4: poker_soul11 folded before Flop (didn't bet)
Seat 5: LeaveItYeah folded before Flop (didn't bet)
Seat 6: AlexEliseev7 (button) folded before Flop (didn't bet)



PokerStars Hand #254483864239:  Hold'em No Limit ($0.50/$1.00 USD) - 2025/01/21 14:25:02 WET [2025/01/21 9:25:02 ET]
Table 'Telamon IV' 6-max Seat #1 is the button
Seat 1: BGS013 ($100 in chips) 
Seat 2: Cositorto ($103 in chips) 
Seat 3: pmeade1977 ($65.58 in chips) 
Seat 4: poker_soul11 ($118.26 in chips) 
Seat 5: LeaveItYeah ($100 in chips) 
Seat 6: AlexEliseev7 ($197.14 in chips) 
Cositorto: posts small blind $0.50
pmeade1977: posts big blind $1
*** HOLE CARDS ***
poker_soul11: folds 
LeaveItYeah: raises $1.10 to $2.10
AlexEliseev7: folds 
BGS013: folds 
Cositorto: folds 
pmeade1977: folds 
Uncalled bet ($1.10) returned to LeaveItYeah
LeaveItYeah collected $2.50 from pot
LeaveItYeah: doesn't show hand 
*** SUMMARY ***
Total pot $2.50 | Rake $0 
Seat 1: BGS013 (button) folded before Flop (didn't bet)
Seat 2: Cositorto (small blind) folded before Flop
Seat 3: pmeade1977 (big blind) folded before Flop
Seat 4: poker_soul11 folded before Flop (didn't bet)
Seat 5: LeaveItYeah collected ($2.50)
Seat 6: AlexEliseev7 folded before Flop (didn't bet)



PokerStars Hand #254483866902:  Hold'em No Limit ($0.50/$1.00 USD) - 2025/01/21 14:25:17 WET [2025/01/21 9:25:17 ET]
Table 'Telamon IV' 6-max Seat #2 is the button
Seat 1: BGS013 ($100 in chips) 
Seat 2: Cositorto ($102.50 in chips) 
Seat 3: pmeade1977 ($64.58 in chips) 
Seat 4: poker_soul11 ($118.26 in chips) 
Seat 5: LeaveItYeah ($101.50 in chips) 
Seat 6: AlexEliseev7 ($197.14 in chips) 
pmeade1977: posts small blind $0.50
poker_soul11: posts big blind $1
*** HOLE CARDS ***
LeaveItYeah: folds 
AlexEliseev7: raises $1.50 to $2.50
BGS013: folds 
Cositorto: folds 
pmeade1977: calls $2
poker_soul11: calls $1.50
*** FLOP *** [9c 2h 9s]
pmeade1977: checks 
poker_soul11: checks 
AlexEliseev7: bets $3.49
pmeade1977: calls $3.49
poker_soul11: folds 
*** TURN *** [9c 2h 9s] [Ad]
pmeade1977: checks 
AlexEliseev7: checks 
*** RIVER *** [9c 2h 9s Ad] [5d]
pmeade1977: bets $14
AlexEliseev7: folds 
Uncalled bet ($14) returned to pmeade1977
pmeade1977 collected $13.76 from pot
*** SUMMARY ***
Total pot $14.48 | Rake $0.72 
Board [9c 2h 9s Ad 5d]
Seat 1: BGS013 folded before Flop (didn't bet)
Seat 2: Cositorto (button) folded before Flop (didn't bet)
Seat 3: pmeade1977 (small blind) collected ($13.76)
Seat 4: poker_soul11 (big blind) folded on the Flop
Seat 5: LeaveItYeah folded before Flop (didn't bet)
Seat 6: AlexEliseev7 folded on the River



PokerStars Hand #254483879491:  Hold'em No Limit ($0.50/$1.00 USD) - 2025/01/21 14:26:29 WET [2025/01/21 9:26:29 ET]
Table 'Telamon IV' 6-max Seat #3 is the button
Seat 1: BGS013 ($100 in chips) 
Seat 2: Cositorto ($102.50 in chips) 
Seat 3: pmeade1977 ($72.35 in chips) 
Seat 4: poker_soul11 ($115.76 in chips) 
Seat 5: LeaveItYeah ($101.50 in chips) 
Seat 6: AlexEliseev7 ($191.15 in chips) 
poker_soul11: posts small blind $0.50
LeaveItYeah: posts big blind $1
*** HOLE CARDS ***
AlexEliseev7: folds 
BGS013: folds 
Cositorto: folds 
pmeade1977: folds 
poker_soul11: folds 
Uncalled bet ($0.50) returned to LeaveItYeah
LeaveItYeah collected $1 from pot
LeaveItYeah: doesn't show hand 
*** SUMMARY ***
Total pot $1 | Rake $0 
Seat 1: BGS013 folded before Flop (didn't bet)
Seat 2: Cositorto folded before Flop (didn't bet)
Seat 3: pmeade1977 (button) folded before Flop (didn't bet)
Seat 4: poker_soul11 (small blind) folded before Flop
Seat 5: LeaveItYeah (big blind) collected ($1)
Seat 6: AlexEliseev7 folded before Flop (didn't bet)



PokerStars Hand #254483882449:  Hold'em No Limit ($0.50/$1.00 USD) - 2025/01/21 14:26:46 WET [2025/01/21 9:26:46 ET]
Table 'Telamon IV' 6-max Seat #4 is the button
Seat 1: BGS013 ($100 in chips) 
Seat 2: Cositorto ($102.50 in chips) 
Seat 3: pmeade1977 ($72.35 in chips) 
Seat 4: poker_soul11 ($115.26 in chips) 
Seat 5: LeaveItYeah ($102 in chips) 
Seat 6: AlexEliseev7 ($191.15 in chips) 
LeaveItYeah: posts small blind $0.50
AlexEliseev7: posts big blind $1
*** HOLE CARDS ***
BGS013: raises $1 to $2
Cositorto: folds 
pmeade1977: folds 
poker_soul11: folds 
LeaveItYeah: folds 
AlexEliseev7: folds 
Uncalled bet ($1) returned to BGS013
BGS013 collected $2.50 from pot
BGS013: doesn't show hand 
*** SUMMARY ***
Total pot $2.50 | Rake $0 
Seat 1: BGS013 collected ($2.50)
Seat 2: Cositorto folded before Flop (didn't bet)
Seat 3: pmeade1977 folded before Flop (didn't bet)
Seat 4: poker_soul11 (button) folded before Flop (didn't bet)
Seat 5: LeaveItYeah (small blind) folded before Flop
Seat 6: AlexEliseev7 (big blind) folded before Flop



PokerStars Hand #254483888066:  Hold'em No Limit ($0.50/$1.00 USD) - 2025/01/21 14:27:18 WET [2025/01/21 9:27:18 ET]
Table 'Telamon IV' 6-max Seat #5 is the button
Seat 1: BGS013 ($101.50 in chips) 
Seat 2: Cositorto ($102.50 in chips) 
Seat 3: pmeade1977 ($72.35 in chips) 
Seat 4: poker_soul11 ($115.26 in chips) 
Seat 5: LeaveItYeah ($101.50 in chips) 
Seat 6: AlexEliseev7 ($190.15 in chips) 
AlexEliseev7: posts small blind $0.50
BGS013: posts big blind $1
*** HOLE CARDS ***
Cositorto: folds 
pmeade1977: raises $5.66 to $6.66
poker_soul11: folds 
LeaveItYeah: folds 
AlexEliseev7: folds 
BGS013: folds 
Uncalled bet ($5.66) returned to pmeade1977
pmeade1977 collected $2.50 from pot
*** SUMMARY ***
Total pot $2.50 | Rake $0 
Seat 1: BGS013 (big blind) folded before Flop
Seat 2: Cositorto folded before Flop (didn't bet)
Seat 3: pmeade1977 collected ($2.50)
Seat 4: poker_soul11 folded before Flop (didn't bet)
Seat 5: LeaveItYeah (button) folded before Flop (didn't bet)
Seat 6: AlexEliseev7 (small blind) folded before Flop



PokerStars Hand #254483892994:  Hold'em No Limit ($0.50/$1.00 USD) - 2025/01/21 14:27:46 WET [2025/01/21 9:27:46 ET]
Table 'Telamon IV' 6-max Seat #6 is the button
Seat 1: BGS013 ($100.50 in chips) 
Seat 2: Cositorto ($102.50 in chips) 
Seat 3: pmeade1977 ($73.85 in chips) 
Seat 4: poker_soul11 ($115.26 in chips) 
Seat 5: LeaveItYeah ($101.50 in chips) 
Seat 6: AlexEliseev7 ($189.65 in chips) 
BGS013: posts small blind $0.50
Cositorto: posts big blind $1
*** HOLE CARDS ***
pmeade1977: calls $1
poker_soul11: folds 
LeaveItYeah: folds 
AlexEliseev7: raises $3 to $4
BGS013: folds 
Cositorto: folds 
pmeade1977: calls $3
*** FLOP *** [Ts Js 4s]
pmeade1977: bets $1
AlexEliseev7: calls $1
*** TURN *** [Ts Js 4s] [5s]
pmeade1977: bets $1
AlexEliseev7: calls $1
*** RIVER *** [Ts Js 4s 5s] [2d]
pmeade1977: bets $1
AlexEliseev7: calls $1
*** SHOW DOWN ***
pmeade1977: shows [5h 5c] (three of a kind, Fives)
AlexEliseev7: shows [7d 7s] (a flush, Jack high)
AlexEliseev7 collected $14.72 from pot
*** SUMMARY ***
Total pot $15.50 | Rake $0.78 
Board [Ts Js 4s 5s 2d]
Seat 1: BGS013 (small blind) folded before Flop
Seat 2: Cositorto (big blind) folded before Flop
Seat 3: pmeade1977 showed [5h 5c] and lost with three of a kind, Fives
Seat 4: poker_soul11 folded before Flop (didn't bet)
Seat 5: LeaveItYeah folded before Flop (didn't bet)
Seat 6: AlexEliseev7 (button) showed [7d 7s] and won ($14.72) with a flush, Jack high



PokerStars Hand #254483902571:  Hold'em No Limit ($0.50/$1.00 USD) - 2025/01/21 14:28:40 WET [2025/01/21 9:28:40 ET]
Table 'Telamon IV' 6-max Seat #1 is the button
Seat 1: BGS013 ($100 in chips) 
Seat 2: Cositorto ($101.50 in chips) 
Seat 3: pmeade1977 ($66.85 in chips) 
Seat 4: poker_soul11 ($115.26 in chips) 
Seat 5: LeaveItYeah ($101.50 in chips) 
Seat 6: AlexEliseev7 ($197.37 in chips) 
Cositorto: posts small blind $0.50
pmeade1977: posts big blind $1
*** HOLE CARDS ***
poker_soul11: folds 
LeaveItYeah: folds 
AlexEliseev7: folds 
BGS013: folds 
Cositorto: raises $2 to $3
pmeade1977: folds 
Uncalled bet ($2) returned to Cositorto
Cositorto collected $2 from pot
Cositorto: doesn't show hand 
*** SUMMARY ***
Total pot $2 | Rake $0 
Seat 1: BGS013 (button) folded before Flop (didn't bet)
Seat 2: Cositorto (small blind) collected ($2)
Seat 3: pmeade1977 (big blind) folded before Flop
Seat 4: poker_soul11 folded before Flop (didn't bet)
Seat 5: LeaveItYeah folded before Flop (didn't bet)
Seat 6: AlexEliseev7 folded before Flop (didn't bet)



PokerStars Hand #254483904827:  Hold'em No Limit ($0.50/$1.00 USD) - 2025/01/21 14:28:52 WET [2025/01/21 9:28:52 ET]
Table 'Telamon IV' 6-max Seat #2 is the button
Seat 1: BGS013 ($100 in chips) 
Seat 2: Cositorto ($102.50 in chips) 
Seat 3: pmeade1977 ($65.85 in chips) 
Seat 4: poker_soul11 ($115.26 in chips) 
Seat 5: LeaveItYeah ($101.50 in chips) 
Seat 6: AlexEliseev7 ($197.37 in chips) 
pmeade1977: posts small blind $0.50
poker_soul11: posts big blind $1
*** HOLE CARDS ***
LeaveItYeah: folds 
AlexEliseev7: folds 
BGS013: folds 
Cositorto: raises $1.50 to $2.50
pmeade1977: raises $5.50 to $8
poker_soul11: folds 
Cositorto: folds 
Uncalled bet ($5.50) returned to pmeade1977
pmeade1977 collected $6 from pot
*** SUMMARY ***
Total pot $6 | Rake $0 
Seat 1: BGS013 folded before Flop (didn't bet)
Seat 2: Cositorto (button) folded before Flop
Seat 3: pmeade1977 (small blind) collected ($6)
Seat 4: poker_soul11 (big blind) folded before Flop
Seat 5: LeaveItYeah folded before Flop (didn't bet)
Seat 6: AlexEliseev7 folded before Flop (didn't bet)



PokerStars Hand #254483908429:  Hold'em No Limit ($0.50/$1.00 USD) - 2025/01/21 14:29:13 WET [2025/01/21 9:29:13 ET]
Table 'Telamon IV' 6-max Seat #3 is the button
Seat 1: BGS013 ($100 in chips) 
Seat 2: Cositorto ($100 in chips) 
Seat 3: pmeade1977 ($69.35 in chips) 
Seat 4: poker_soul11 ($114.26 in chips) 
Seat 5: LeaveItYeah ($101.50 in chips) 
Seat 6: AlexEliseev7 ($197.37 in chips) 
poker_soul11: posts small blind $0.50
LeaveItYeah: posts big blind $1
*** HOLE CARDS ***
AlexEliseev7: folds 
BGS013: folds 
Cositorto: folds 
pmeade1977: folds 
poker_soul11: raises $2 to $3
LeaveItYeah: folds 
Uncalled bet ($2) returned to poker_soul11
poker_soul11 collected $2 from pot
poker_soul11: doesn't show hand 
*** SUMMARY ***
Total pot $2 | Rake $0 
Seat 1: BGS013 folded before Flop (didn't bet)
Seat 2: Cositorto folded before Flop (didn't bet)
Seat 3: pmeade1977 (button) folded before Flop (didn't bet)
Seat 4: poker_soul11 (small blind) collected ($2)
Seat 5: LeaveItYeah (big blind) folded before Flop
Seat 6: AlexEliseev7 folded before Flop (didn't bet)



PokerStars Hand #254483912848:  Hold'em No Limit ($0.50/$1.00 USD) - 2025/01/21 14:29:38 WET [2025/01/21 9:29:38 ET]
Table 'Telamon IV' 6-max Seat #4 is the button
Seat 1: BGS013 ($100 in chips) 
Seat 2: Cositorto ($100 in chips) 
Seat 3: pmeade1977 ($69.35 in chips) 
Seat 4: poker_soul11 ($115.26 in chips) 
Seat 5: LeaveItYeah ($100.50 in chips) 
Seat 6: AlexEliseev7 ($197.37 in chips) 
LeaveItYeah: posts small blind $0.50
AlexEliseev7: posts big blind $1
*** HOLE CARDS ***
BGS013: folds 
Cositorto: folds 
pmeade1977: raises $2 to $3
poker_soul11: raises $6 to $9
LeaveItYeah: folds 
AlexEliseev7: folds 
pmeade1977: folds 
Uncalled bet ($6) returned to poker_soul11
poker_soul11 collected $7.50 from pot
poker_soul11: doesn't show hand 
*** SUMMARY ***
Total pot $7.50 | Rake $0 
Seat 1: BGS013 folded before Flop (didn't bet)
Seat 2: Cositorto folded before Flop (didn't bet)
Seat 3: pmeade1977 folded before Flop
Seat 4: poker_soul11 (button) collected ($7.50)
Seat 5: LeaveItYeah (small blind) folded before Flop
Seat 6: AlexEliseev7 (big blind) folded before Flop



PokerStars Hand #254483918329:  Hold'em No Limit ($0.50/$1.00 USD) - 2025/01/21 14:30:09 WET [2025/01/21 9:30:09 ET]
Table 'Telamon IV' 6-max Seat #5 is the button
Seat 1: BGS013 ($100 in chips) 
Seat 2: Cositorto ($100 in chips) 
Seat 3: pmeade1977 ($66.35 in chips) 
Seat 4: poker_soul11 ($119.76 in chips) 
Seat 5: LeaveItYeah ($100 in chips) 
Seat 6: AlexEliseev7 ($196.37 in chips) 
AlexEliseev7: posts small blind $0.50
BGS013: posts big blind $1
*** HOLE CARDS ***
Cositorto: raises $1 to $2
pmeade1977: folds 
poker_soul11: folds 
LeaveItYeah: folds 
AlexEliseev7: folds 
BGS013: folds 
Uncalled bet ($1) returned to Cositorto
Cositorto collected $2.50 from pot
Cositorto: doesn't show hand 
*** SUMMARY ***
Total pot $2.50 | Rake $0 
Seat 1: BGS013 (big blind) folded before Flop
Seat 2: Cositorto collected ($2.50)
Seat 3: pmeade1977 folded before Flop (didn't bet)
Seat 4: poker_soul11 folded before Flop (didn't bet)
Seat 5: LeaveItYeah (button) folded before Flop (didn't bet)
Seat 6: AlexEliseev7 (small blind) folded before Flop



PokerStars Hand #254483922010:  Hold'em No Limit ($0.50/$1.00 USD) - 2025/01/21 14:30:29 WET [2025/01/21 9:30:29 ET]
Table 'Telamon IV' 6-max Seat #6 is the button
Seat 1: BGS013 ($100 in chips) 
Seat 2: Cositorto ($101.50 in chips) 
Seat 3: pmeade1977 ($66.35 in chips) 
Seat 4: poker_soul11 ($119.76 in chips) 
Seat 5: LeaveItYeah ($100 in chips) 
Seat 6: AlexEliseev7 ($195.87 in chips) 
BGS013: posts small blind $0.50
Cositorto: posts big blind $1
*** HOLE CARDS ***
pmeade1977: folds 
poker_soul11: raises $1.20 to $2.20
LeaveItYeah: folds 
AlexEliseev7: folds 
BGS013: folds 
Cositorto: calls $1.20
*** FLOP *** [4c 5d 2s]
Cositorto: checks 
poker_soul11: checks 
*** TURN *** [4c 5d 2s] [8d]
Cositorto: checks 
poker_soul11: checks 
*** RIVER *** [4c 5d 2s 8d] [9d]
Cositorto: checks 
poker_soul11: checks 
*** SHOW DOWN ***
Cositorto: shows [Kc Jd] (high card King)
poker_soul11: shows [Jc Ad] (high card Ace)
poker_soul11 collected $4.66 from pot
*** SUMMARY ***
Total pot $4.90 | Rake $0.24 
Board [4c 5d 2s 8d 9d]
Seat 1: BGS013 (small blind) folded before Flop
Seat 2: Cositorto (big blind) showed [Kc Jd] and lost with high card King
Seat 3: pmeade1977 folded before Flop (didn't bet)
Seat 4: poker_soul11 showed [Jc Ad] and won ($4.66) with high card Ace
Seat 5: LeaveItYeah folded before Flop (didn't bet)
Seat 6: AlexEliseev7 (button) folded before Flop (didn't bet)



PokerStars Hand #254483939786:  Hold'em No Limit ($0.50/$1.00 USD) - 2025/01/21 14:32:07 WET [2025/01/21 9:32:07 ET]
Table 'Telamon IV' 6-max Seat #1 is the button
Seat 1: BGS013 ($100 in chips) 
Seat 2: Cositorto ($100 in chips) 
Seat 3: pmeade1977 ($66.35 in chips) 
Seat 4: poker_soul11 ($122.22 in chips) 
Seat 5: LeaveItYeah ($100 in chips) 
Seat 6: AlexEliseev7 ($195.87 in chips) 
Cositorto: posts small blind $0.50
pmeade1977: posts big blind $1
*** HOLE CARDS ***
poker_soul11: raises $1.20 to $2.20
LeaveItYeah: calls $2.20
AlexEliseev7: folds 
BGS013: folds 
Cositorto: folds 
pmeade1977: folds 
*** FLOP *** [9c 9d Ad]
poker_soul11: bets $1.40
LeaveItYeah: calls $1.40
*** TURN *** [9c 9d Ad] [3c]
poker_soul11: checks 
LeaveItYeah: checks 
*** RIVER *** [9c 9d Ad 3c] [8c]
poker_soul11: bets $10.33
LeaveItYeah: calls $10.33
*** SHOW DOWN ***
poker_soul11: shows [Kc Td] (a pair of Nines)
LeaveItYeah: shows [Qc As] (two pair, Aces and Nines)
LeaveItYeah collected $27.89 from pot
*** SUMMARY ***
Total pot $29.36 | Rake $1.47 
Board [9c 9d Ad 3c 8c]
Seat 1: BGS013 (button) folded before Flop (didn't bet)
Seat 2: Cositorto (small blind) folded before Flop
Seat 3: pmeade1977 (big blind) folded before Flop
Seat 4: poker_soul11 showed [Kc Td] and lost with a pair of Nines
Seat 5: LeaveItYeah showed [Qc As] and won ($27.89) with two pair, Aces and Nines
Seat 6: AlexEliseev7 folded before Flop (didn't bet)



PokerStars Hand #254483954462:  Hold'em No Limit ($0.50/$1.00 USD) - 2025/01/21 14:33:29 WET [2025/01/21 9:33:29 ET]
Table 'Telamon IV' 6-max Seat #2 is the button
Seat 1: BGS013 ($100 in chips) 
Seat 2: Cositorto ($100 in chips) 
Seat 3: pmeade1977 ($65.35 in chips) 
Seat 4: poker_soul11 ($108.29 in chips) 
Seat 5: LeaveItYeah ($113.96 in chips) 
Seat 6: AlexEliseev7 ($195.87 in chips) 
pmeade1977: posts small blind $0.50
poker_soul11: posts big blind $1
*** HOLE CARDS ***
LeaveItYeah: folds 
AlexEliseev7: folds 
BGS013: folds 
Cositorto: folds 
pmeade1977: calls $0.50
poker_soul11: raises $2.50 to $3.50
pmeade1977: calls $2.50
*** FLOP *** [Tc 2d 8d]
pmeade1977: checks 
poker_soul11: checks 
*** TURN *** [Tc 2d 8d] [Ad]
pmeade1977: checks 
poker_soul11: bets $3.33
pmeade1977: calls $3.33
*** RIVER *** [Tc 2d 8d Ad] [Th]
pmeade1977: checks 
poker_soul11: bets $6.49
pmeade1977: folds 
Uncalled bet ($6.49) returned to poker_soul11
poker_soul11 collected $12.98 from pot
poker_soul11: doesn't show hand 
*** SUMMARY ***
Total pot $13.66 | Rake $0.68 
Board [Tc 2d 8d Ad Th]
Seat 1: BGS013 folded before Flop (didn't bet)
Seat 2: Cositorto (button) folded before Flop (didn't bet)
Seat 3: pmeade1977 (small blind) folded on the River
Seat 4: poker_soul11 (big blind) collected ($12.98)
Seat 5: LeaveItYeah folded before Flop (didn't bet)
Seat 6: AlexEliseev7 folded before Flop (didn't bet)



PokerStars Hand #254483965067:  Hold'em No Limit ($0.50/$1.00 USD) - 2025/01/21 14:34:26 WET [2025/01/21 9:34:26 ET]
Table 'Telamon IV' 6-max Seat #3 is the button
Seat 1: BGS013 ($100 in chips) 
Seat 2: Cositorto ($100 in chips) 
Seat 3: pmeade1977 ($58.52 in chips) 
Seat 4: poker_soul11 ($114.44 in chips) 
Seat 5: LeaveItYeah ($113.96 in chips) 
Seat 6: AlexEliseev7 ($195.87 in chips) 
poker_soul11: posts small blind $0.50
LeaveItYeah: posts big blind $1
*** HOLE CARDS ***
AlexEliseev7: folds 
BGS013: folds 
Cositorto: raises $1 to $2
pmeade1977: folds 
poker_soul11: folds 
LeaveItYeah: folds 
Uncalled bet ($1) returned to Cositorto
Cositorto collected $2.50 from pot
Cositorto: doesn't show hand 
*** SUMMARY ***
Total pot $2.50 | Rake $0 
Seat 1: BGS013 folded before Flop (didn't bet)
Seat 2: Cositorto collected ($2.50)
Seat 3: pmeade1977 (button) folded before Flop (didn't bet)
Seat 4: poker_soul11 (small blind) folded before Flop
Seat 5: LeaveItYeah (big blind) folded before Flop
Seat 6: AlexEliseev7 folded before Flop (didn't bet)



PokerStars Hand #254483970685:  Hold'em No Limit ($0.50/$1.00 USD) - 2025/01/21 14:34:56 WET [2025/01/21 9:34:56 ET]
Table 'Telamon IV' 6-max Seat #4 is the button
Seat 1: BGS013 ($100 in chips) 
Seat 2: Cositorto ($101.50 in chips) 
Seat 3: pmeade1977 ($58.52 in chips) 
Seat 4: poker_soul11 ($113.94 in chips) 
Seat 5: LeaveItYeah ($112.96 in chips) 
Seat 6: AlexEliseev7 ($195.87 in chips) 
LeaveItYeah: posts small blind $0.50
AlexEliseev7: posts big blind $1
*** HOLE CARDS ***
BGS013: folds 
Cositorto: folds 
pmeade1977: raises $2 to $3
poker_soul11: folds 
BGS013 leaves the table
LeaveItYeah: raises $8.50 to $11.50
chinokevin13 joins the table at seat #1 
AlexEliseev7: folds 
pmeade1977: calls $8.50
*** FLOP *** [4d Ts Ad]
LeaveItYeah: bets $11.40
pmeade1977: folds 
Uncalled bet ($11.40) returned to LeaveItYeah
LeaveItYeah collected $22.80 from pot
LeaveItYeah: doesn't show hand 
*** SUMMARY ***
Total pot $24 | Rake $1.20 
Board [4d Ts Ad]
Seat 1: BGS013 folded before Flop (didn't bet)
Seat 2: Cositorto folded before Flop (didn't bet)
Seat 3: pmeade1977 folded on the Flop
Seat 4: poker_soul11 (button) folded before Flop (didn't bet)
Seat 5: LeaveItYeah (small blind) collected ($22.80)
Seat 6: AlexEliseev7 (big blind) folded before Flop



PokerStars Hand #254483977975:  Hold'em No Limit ($0.50/$1.00 USD) - 2025/01/21 14:35:35 WET [2025/01/21 9:35:35 ET]
Table 'Telamon IV' 6-max Seat #5 is the button
Seat 1: chinokevin13 ($100 in chips) 
Seat 2: Cositorto ($101.50 in chips) 
Seat 3: pmeade1977 ($47.02 in chips) 
Seat 4: poker_soul11 ($113.94 in chips) 
Seat 5: LeaveItYeah ($124.26 in chips) 
Seat 6: AlexEliseev7 ($194.87 in chips) 
AlexEliseev7: posts small blind $0.50
chinokevin13: posts big blind $1
*** HOLE CARDS ***
Cositorto: raises $1 to $2
pmeade1977: calls $2
poker_soul11: folds 
LeaveItYeah: folds 
AlexEliseev7: raises $12 to $14
chinokevin13: folds 
Cositorto: calls $12
pmeade1977: folds 
*** FLOP *** [Ad 3h 2c]
AlexEliseev7: bets $9.72
Cositorto: calls $9.72
*** TURN *** [Ad 3h 2c] [Td]
AlexEliseev7: checks 
Cositorto: checks 
*** RIVER *** [Ad 3h 2c Td] [4s]
AlexEliseev7: checks 
Cositorto: checks 
*** SHOW DOWN ***
AlexEliseev7: shows [9d 9c] (a pair of Nines)
Cositorto: shows [Jh Js] (a pair of Jacks)
Cositorto collected $47.94 from pot
*** SUMMARY ***
Total pot $50.44 | Rake $2.50 
Board [Ad 3h 2c Td 4s]
Seat 1: chinokevin13 (big blind) folded before Flop
Seat 2: Cositorto showed [Jh Js] and won ($47.94) with a pair of Jacks
Seat 3: pmeade1977 folded before Flop
Seat 4: poker_soul11 folded before Flop (didn't bet)
Seat 5: LeaveItYeah (button) folded before Flop (didn't bet)
Seat 6: AlexEliseev7 (small blind) showed [9d 9c] and lost with a pair of Nines



PokerStars Hand #254483992977:  Hold'em No Limit ($0.50/$1.00 USD) - 2025/01/21 14:36:55 WET [2025/01/21 9:36:55 ET]
Table 'Telamon IV' 6-max Seat #6 is the button
Seat 1: chinokevin13 ($100 in chips) 
Seat 2: Cositorto ($125.72 in chips) 
Seat 3: pmeade1977 ($45.02 in chips) 
Seat 4: poker_soul11 ($113.94 in chips) 
Seat 5: LeaveItYeah ($124.26 in chips) 
Seat 6: AlexEliseev7 ($171.15 in chips) 
chinokevin13: posts small blind $0.50
Cositorto: posts big blind $1
*** HOLE CARDS ***
pmeade1977: folds 
poker_soul11: folds 
LeaveItYeah: folds 
AlexEliseev7: raises $1.50 to $2.50
chinokevin13: raises $8.50 to $11
Cositorto: folds 
AlexEliseev7: folds 
Uncalled bet ($8.50) returned to chinokevin13
chinokevin13 collected $6 from pot
chinokevin13: doesn't show hand 
*** SUMMARY ***
Total pot $6 | Rake $0 
Seat 1: chinokevin13 (small blind) collected ($6)
Seat 2: Cositorto (big blind) folded before Flop
Seat 3: pmeade1977 folded before Flop (didn't bet)
Seat 4: poker_soul11 folded before Flop (didn't bet)
Seat 5: LeaveItYeah folded before Flop (didn't bet)
Seat 6: AlexEliseev7 (button) folded before Flop



PokerStars Hand #254483997752:  Hold'em No Limit ($0.50/$1.00 USD) - 2025/01/21 14:37:21 WET [2025/01/21 9:37:21 ET]
Table 'Telamon IV' 6-max Seat #1 is the button
Seat 1: chinokevin13 ($103.50 in chips) 
Seat 2: Cositorto ($124.72 in chips) 
Seat 3: pmeade1977 ($45.02 in chips) 
Seat 4: poker_soul11 ($113.94 in chips) 
Seat 5: LeaveItYeah ($124.26 in chips) 
Seat 6: AlexEliseev7 ($168.65 in chips) 
Cositorto: posts small blind $0.50
pmeade1977: posts big blind $1
*** HOLE CARDS ***
poker_soul11: folds 
LeaveItYeah: folds 
AlexEliseev7: folds 
chinokevin13: raises $1.50 to $2.50
Cositorto: raises $8.75 to $11.25
pmeade1977: folds 
chinokevin13: folds 
Uncalled bet ($8.75) returned to Cositorto
Cositorto collected $6 from pot
Cositorto: doesn't show hand 
*** SUMMARY ***
Total pot $6 | Rake $0 
Seat 1: chinokevin13 (button) folded before Flop
Seat 2: Cositorto (small blind) collected ($6)
Seat 3: pmeade1977 (big blind) folded before Flop
Seat 4: poker_soul11 folded before Flop (didn't bet)
Seat 5: LeaveItYeah folded before Flop (didn't bet)
Seat 6: AlexEliseev7 folded before Flop (didn't bet)



PokerStars Hand #254484002875:  Hold'em No Limit ($0.50/$1.00 USD) - 2025/01/21 14:37:49 WET [2025/01/21 9:37:49 ET]
Table 'Telamon IV' 6-max Seat #2 is the button
Seat 1: chinokevin13 ($101 in chips) 
Seat 2: Cositorto ($128.22 in chips) 
Seat 3: pmeade1977 ($44.02 in chips) 
Seat 4: poker_soul11 ($113.94 in chips) 
Seat 5: LeaveItYeah ($124.26 in chips) 
Seat 6: AlexEliseev7 ($168.65 in chips) 
pmeade1977: posts small blind $0.50
poker_soul11: posts big blind $1
*** HOLE CARDS ***
LeaveItYeah: folds 
AlexEliseev7: folds 
chinokevin13: folds 
Cositorto: raises $1.50 to $2.50
pmeade1977: folds 
poker_soul11: calls $1.50
*** FLOP *** [7s Qc Ad]
poker_soul11: checks 
Cositorto: checks 
*** TURN *** [7s Qc Ad] [6d]
poker_soul11: checks 
Cositorto: bets $2.61
poker_soul11: folds 
Uncalled bet ($2.61) returned to Cositorto
Cositorto collected $5.22 from pot
Cositorto: doesn't show hand 
*** SUMMARY ***
Total pot $5.50 | Rake $0.28 
Board [7s Qc Ad 6d]
Seat 1: chinokevin13 folded before Flop (didn't bet)
Seat 2: Cositorto (button) collected ($5.22)
Seat 3: pmeade1977 (small blind) folded before Flop
Seat 4: poker_soul11 (big blind) folded on the Turn
Seat 5: LeaveItYeah folded before Flop (didn't bet)
Seat 6: AlexEliseev7 folded before Flop (didn't bet)



PokerStars Hand #254484014690:  Hold'em No Limit ($0.50/$1.00 USD) - 2025/01/21 14:38:52 WET [2025/01/21 9:38:52 ET]
Table 'Telamon IV' 6-max Seat #3 is the button
Seat 1: chinokevin13 ($101 in chips) 
Seat 2: Cositorto ($130.94 in chips) 
Seat 3: pmeade1977 ($43.52 in chips) 
Seat 4: poker_soul11 ($111.44 in chips) 
Seat 5: LeaveItYeah ($124.26 in chips) 
Seat 6: AlexEliseev7 ($168.65 in chips) 
poker_soul11: posts small blind $0.50
LeaveItYeah: posts big blind $1
*** HOLE CARDS ***
AlexEliseev7: raises $1.50 to $2.50
chinokevin13: folds 
Cositorto: folds 
pmeade1977: calls $2.50
poker_soul11: folds 
LeaveItYeah: folds 
*** FLOP *** [Td 3d 8s]
AlexEliseev7: checks 
pmeade1977: bets $3.09
AlexEliseev7: calls $3.09
*** TURN *** [Td 3d 8s] [3h]
AlexEliseev7: checks 
pmeade1977: checks 
*** RIVER *** [Td 3d 8s 3h] [2d]
AlexEliseev7: checks 
pmeade1977: checks 
*** SHOW DOWN ***
AlexEliseev7: shows [9d 9c] (two pair, Nines and Threes)
pmeade1977: mucks hand 
AlexEliseev7 collected $12.05 from pot
*** SUMMARY ***
Total pot $12.68 | Rake $0.63 
Board [Td 3d 8s 3h 2d]
Seat 1: chinokevin13 folded before Flop (didn't bet)
Seat 2: Cositorto folded before Flop (didn't bet)
Seat 3: pmeade1977 (button) mucked
Seat 4: poker_soul11 (small blind) folded before Flop
Seat 5: LeaveItYeah (big blind) folded before Flop
Seat 6: AlexEliseev7 showed [9d 9c] and won ($12.05) with two pair, Nines and Threes



PokerStars Hand #254484024152:  Hold'em No Limit ($0.50/$1.00 USD) - 2025/01/21 14:39:42 WET [2025/01/21 9:39:42 ET]
Table 'Telamon IV' 6-max Seat #4 is the button
Seat 1: chinokevin13 ($101 in chips) 
Seat 2: Cositorto ($130.94 in chips) 
Seat 3: pmeade1977 ($37.93 in chips) 
Seat 4: poker_soul11 ($110.94 in chips) 
Seat 5: LeaveItYeah ($123.26 in chips) 
Seat 6: AlexEliseev7 ($175.11 in chips) 
LeaveItYeah: posts small blind $0.50
AlexEliseev7: posts big blind $1
*** HOLE CARDS ***
chinokevin13: folds 
Cositorto: folds 
pmeade1977: calls $1
poker_soul11: folds 
LeaveItYeah: calls $0.50
AlexEliseev7: checks 
*** FLOP *** [Qs Kc 5s]
LeaveItYeah: checks 
AlexEliseev7: checks 
pmeade1977: bets $2.85
LeaveItYeah: folds 
AlexEliseev7: folds 
Uncalled bet ($2.85) returned to pmeade1977
pmeade1977 collected $2.85 from pot
*** SUMMARY ***
Total pot $3 | Rake $0.15 
Board [Qs Kc 5s]
Seat 1: chinokevin13 folded before Flop (didn't bet)
Seat 2: Cositorto folded before Flop (didn't bet)
Seat 3: pmeade1977 collected ($2.85)
Seat 4: poker_soul11 (button) folded before Flop (didn't bet)
Seat 5: LeaveItYeah (small blind) folded on the Flop
Seat 6: AlexEliseev7 (big blind) folded on the Flop



PokerStars Hand #254484033952:  Hold'em No Limit ($0.50/$1.00 USD) - 2025/01/21 14:40:35 WET [2025/01/21 9:40:35 ET]
Table 'Telamon IV' 6-max Seat #5 is the button
Seat 1: chinokevin13 ($101 in chips) 
Seat 2: Cositorto ($130.94 in chips) 
Seat 3: pmeade1977 ($39.78 in chips) 
Seat 4: poker_soul11 ($110.94 in chips) 
Seat 5: LeaveItYeah ($122.26 in chips) 
Seat 6: AlexEliseev7 ($174.11 in chips) 
AlexEliseev7: posts small blind $0.50
chinokevin13: posts big blind $1
*** HOLE CARDS ***
Cositorto: folds 
pmeade1977: folds 
poker_soul11: folds 
LeaveItYeah: folds 
AlexEliseev7: folds 
Uncalled bet ($0.50) returned to chinokevin13
chinokevin13 collected $1 from pot
chinokevin13: doesn't show hand 
*** SUMMARY ***
Total pot $1 | Rake $0 
Seat 1: chinokevin13 (big blind) collected ($1)
Seat 2: Cositorto folded before Flop (didn't bet)
Seat 3: pmeade1977 folded before Flop (didn't bet)
Seat 4: poker_soul11 folded before Flop (didn't bet)
Seat 5: LeaveItYeah (button) folded before Flop (didn't bet)
Seat 6: AlexEliseev7 (small blind) folded before Flop



PokerStars Hand #254484036141:  Hold'em No Limit ($0.50/$1.00 USD) - 2025/01/21 14:40:46 WET [2025/01/21 9:40:46 ET]
Table 'Telamon IV' 6-max Seat #6 is the button
Seat 1: chinokevin13 ($101.50 in chips) 
Seat 2: Cositorto ($130.94 in chips) 
Seat 3: pmeade1977 ($39.78 in chips) 
Seat 4: poker_soul11 ($110.94 in chips) 
Seat 5: LeaveItYeah ($122.26 in chips) 
Seat 6: AlexEliseev7 ($173.61 in chips) 
chinokevin13: posts small blind $0.50
Cositorto: posts big blind $1
*** HOLE CARDS ***
pmeade1977: folds 
poker_soul11: folds 
LeaveItYeah: folds 
AlexEliseev7: folds 
chinokevin13: folds 
Uncalled bet ($0.50) returned to Cositorto
Cositorto collected $1 from pot
Cositorto: doesn't show hand 
*** SUMMARY ***
Total pot $1 | Rake $0 
Seat 1: chinokevin13 (small blind) folded before Flop
Seat 2: Cositorto (big blind) collected ($1)
Seat 3: pmeade1977 folded before Flop (didn't bet)
Seat 4: poker_soul11 folded before Flop (didn't bet)
Seat 5: LeaveItYeah folded before Flop (didn't bet)
Seat 6: AlexEliseev7 (button) folded before Flop (didn't bet)



PokerStars Hand #254484039088:  Hold'em No Limit ($0.50/$1.00 USD) - 2025/01/21 14:41:02 WET [2025/01/21 9:41:02 ET]
Table 'Telamon IV' 6-max Seat #1 is the button
Seat 1: chinokevin13 ($101 in chips) 
Seat 2: Cositorto ($131.44 in chips) 
Seat 3: pmeade1977 ($39.78 in chips) 
Seat 4: poker_soul11 ($110.94 in chips) 
Seat 5: LeaveItYeah ($122.26 in chips) 
Seat 6: AlexEliseev7 ($173.61 in chips) 
Cositorto: posts small blind $0.50
pmeade1977: posts big blind $1
*** HOLE CARDS ***
poker_soul11: folds 
LeaveItYeah: raises $1.10 to $2.10
AlexEliseev7: folds 
chinokevin13: folds 
Cositorto: folds 
pmeade1977: folds 
Uncalled bet ($1.10) returned to LeaveItYeah
LeaveItYeah collected $2.50 from pot
LeaveItYeah: doesn't show hand 
*** SUMMARY ***
Total pot $2.50 | Rake $0 
Seat 1: chinokevin13 (button) folded before Flop (didn't bet)
Seat 2: Cositorto (small blind) folded before Flop
Seat 3: pmeade1977 (big blind) folded before Flop
Seat 4: poker_soul11 folded before Flop (didn't bet)
Seat 5: LeaveItYeah collected ($2.50)
Seat 6: AlexEliseev7 folded before Flop (didn't bet)



PokerStars Hand #254484041680:  Hold'em No Limit ($0.50/$1.00 USD) - 2025/01/21 14:41:16 WET [2025/01/21 9:41:16 ET]
Table 'Telamon IV' 6-max Seat #2 is the button
Seat 1: chinokevin13 ($101 in chips) 
Seat 2: Cositorto ($130.94 in chips) 
Seat 3: pmeade1977 ($38.78 in chips) 
Seat 4: poker_soul11 ($110.94 in chips) 
Seat 5: LeaveItYeah ($123.76 in chips) 
Seat 6: AlexEliseev7 ($173.61 in chips) 
pmeade1977: posts small blind $0.50
poker_soul11: posts big blind $1
*** HOLE CARDS ***
LeaveItYeah: folds 
AlexEliseev7: folds 
chinokevin13: folds 
Cositorto: raises $1.50 to $2.50
pmeade1977: folds 
poker_soul11: folds 
Uncalled bet ($1.50) returned to Cositorto
Cositorto collected $2.50 from pot
Cositorto: doesn't show hand 
*** SUMMARY ***
Total pot $2.50 | Rake $0 
Seat 1: chinokevin13 folded before Flop (didn't bet)
Seat 2: Cositorto (button) collected ($2.50)
Seat 3: pmeade1977 (small blind) folded before Flop
Seat 4: poker_soul11 (big blind) folded before Flop
Seat 5: LeaveItYeah folded before Flop (didn't bet)
Seat 6: AlexEliseev7 folded before Flop (didn't bet)



PokerStars Hand #254484045630:  Hold'em No Limit ($0.50/$1.00 USD) - 2025/01/21 14:41:37 WET [2025/01/21 9:41:37 ET]
Table 'Telamon IV' 6-max Seat #3 is the button
Seat 1: chinokevin13 ($101 in chips) 
Seat 2: Cositorto ($132.44 in chips) 
Seat 3: pmeade1977 ($38.28 in chips) 
Seat 4: poker_soul11 ($109.94 in chips) 
Seat 5: LeaveItYeah ($123.76 in chips) 
Seat 6: AlexEliseev7 ($173.61 in chips) 
poker_soul11: posts small blind $0.50
LeaveItYeah: posts big blind $1
*** HOLE CARDS ***
AlexEliseev7: folds 
chinokevin13: folds 
Cositorto: folds 
pmeade1977: calls $1
poker_soul11: calls $0.50
LeaveItYeah: checks 
*** FLOP *** [Th 3s 9c]
poker_soul11: bets $1.43
LeaveItYeah: folds 
pmeade1977: calls $1.43
*** TURN *** [Th 3s 9c] [6s]
poker_soul11: bets $1.84
pmeade1977: calls $1.84
*** RIVER *** [Th 3s 9c 6s] [4h]
poker_soul11: checks 
pmeade1977: bets $4
poker_soul11: folds 
Uncalled bet ($4) returned to pmeade1977
pmeade1977 collected $9.06 from pot
*** SUMMARY ***
Total pot $9.54 | Rake $0.48 
Board [Th 3s 9c 6s 4h]
Seat 1: chinokevin13 folded before Flop (didn't bet)
Seat 2: Cositorto folded before Flop (didn't bet)
Seat 3: pmeade1977 (button) collected ($9.06)
Seat 4: poker_soul11 (small blind) folded on the River
Seat 5: LeaveItYeah (big blind) folded on the Flop
Seat 6: AlexEliseev7 folded before Flop (didn't bet)



PokerStars Hand #254484056947:  Hold'em No Limit ($0.50/$1.00 USD) - 2025/01/21 14:42:37 WET [2025/01/21 9:42:37 ET]
Table 'Telamon IV' 6-max Seat #4 is the button
Seat 1: chinokevin13 ($101 in chips) 
Seat 2: Cositorto ($132.44 in chips) 
Seat 3: pmeade1977 ($43.07 in chips) 
Seat 4: poker_soul11 ($105.67 in chips) 
Seat 5: LeaveItYeah ($122.76 in chips) 
Seat 6: AlexEliseev7 ($173.61 in chips) 
LeaveItYeah: posts small blind $0.50
AlexEliseev7: posts big blind $1
*** HOLE CARDS ***
chinokevin13: folds 
Cositorto: folds 
pmeade1977: folds 
poker_soul11: folds 
LeaveItYeah: folds 
Uncalled bet ($0.50) returned to AlexEliseev7
AlexEliseev7 collected $1 from pot
AlexEliseev7: doesn't show hand 
*** SUMMARY ***
Total pot $1 | Rake $0 
Seat 1: chinokevin13 folded before Flop (didn't bet)
Seat 2: Cositorto folded before Flop (didn't bet)
Seat 3: pmeade1977 folded before Flop (didn't bet)
Seat 4: poker_soul11 (button) folded before Flop (didn't bet)
Seat 5: LeaveItYeah (small blind) folded before Flop
Seat 6: AlexEliseev7 (big blind) collected ($1)



PokerStars Hand #254484062428:  Hold'em No Limit ($0.50/$1.00 USD) - 2025/01/21 14:43:07 WET [2025/01/21 9:43:07 ET]
Table 'Telamon IV' 6-max Seat #5 is the button
Seat 1: chinokevin13 ($101 in chips) 
Seat 2: Cositorto ($132.44 in chips) 
Seat 3: pmeade1977 ($43.07 in chips) 
Seat 4: poker_soul11 ($105.67 in chips) 
Seat 5: LeaveItYeah ($122.26 in chips) 
Seat 6: AlexEliseev7 ($174.11 in chips) 
AlexEliseev7: posts small blind $0.50
chinokevin13: posts big blind $1
*** HOLE CARDS ***
Cositorto: folds 
pmeade1977: folds 
poker_soul11: folds 
LeaveItYeah: raises $1.50 to $2.50
AlexEliseev7: folds 
chinokevin13: folds 
Uncalled bet ($1.50) returned to LeaveItYeah
LeaveItYeah collected $2.50 from pot
LeaveItYeah: doesn't show hand 
*** SUMMARY ***
Total pot $2.50 | Rake $0 
Seat 1: chinokevin13 (big blind) folded before Flop
Seat 2: Cositorto folded before Flop (didn't bet)
Seat 3: pmeade1977 folded before Flop (didn't bet)
Seat 4: poker_soul11 folded before Flop (didn't bet)
Seat 5: LeaveItYeah (button) collected ($2.50)
Seat 6: AlexEliseev7 (small blind) folded before Flop



PokerStars Hand #254484067600:  Hold'em No Limit ($0.50/$1.00 USD) - 2025/01/21 14:43:34 WET [2025/01/21 9:43:34 ET]
Table 'Telamon IV' 6-max Seat #6 is the button
Seat 1: chinokevin13 ($100 in chips) 
Seat 2: Cositorto ($132.44 in chips) 
Seat 3: pmeade1977 ($43.07 in chips) 
Seat 4: poker_soul11 ($105.67 in chips) 
Seat 5: LeaveItYeah ($123.76 in chips) 
Seat 6: AlexEliseev7 ($173.61 in chips) 
chinokevin13: posts small blind $0.50
Cositorto: posts big blind $1
*** HOLE CARDS ***
pmeade1977: raises $4 to $5
poker_soul11: folds 
LeaveItYeah: folds 
AlexEliseev7: folds 
chinokevin13: folds 
Cositorto: folds 
Uncalled bet ($4) returned to pmeade1977
pmeade1977 collected $2.50 from pot
*** SUMMARY ***
Total pot $2.50 | Rake $0 
Seat 1: chinokevin13 (small blind) folded before Flop
Seat 2: Cositorto (big blind) folded before Flop
Seat 3: pmeade1977 collected ($2.50)
Seat 4: poker_soul11 folded before Flop (didn't bet)
Seat 5: LeaveItYeah folded before Flop (didn't bet)
Seat 6: AlexEliseev7 (button) folded before Flop (didn't bet)



PokerStars Hand #254484071226:  Hold'em No Limit ($0.50/$1.00 USD) - 2025/01/21 14:43:53 WET [2025/01/21 9:43:53 ET]
Table 'Telamon IV' 6-max Seat #1 is the button
Seat 1: chinokevin13 ($100 in chips) 
Seat 2: Cositorto ($131.44 in chips) 
Seat 3: pmeade1977 ($44.57 in chips) 
Seat 4: poker_soul11 ($105.67 in chips) 
Seat 5: LeaveItYeah ($123.76 in chips) 
Seat 6: AlexEliseev7 ($173.61 in chips) 
Cositorto: posts small blind $0.50
pmeade1977: posts big blind $1
*** HOLE CARDS ***
poker_soul11: folds 
LeaveItYeah: folds 
AlexEliseev7: folds 
chinokevin13: raises $1.50 to $2.50
Cositorto: folds 
pmeade1977: raises $5.50 to $8
chinokevin13: folds 
Uncalled bet ($5.50) returned to pmeade1977
pmeade1977 collected $5.50 from pot
*** SUMMARY ***
Total pot $5.50 | Rake $0 
Seat 1: chinokevin13 (button) folded before Flop
Seat 2: Cositorto (small blind) folded before Flop
Seat 3: pmeade1977 (big blind) collected ($5.50)
Seat 4: poker_soul11 folded before Flop (didn't bet)
Seat 5: LeaveItYeah folded before Flop (didn't bet)
Seat 6: AlexEliseev7 folded before Flop (didn't bet)



PokerStars Hand #254484075807:  Hold'em No Limit ($0.50/$1.00 USD) - 2025/01/21 14:44:18 WET [2025/01/21 9:44:18 ET]
Table 'Telamon IV' 6-max Seat #2 is the button
Seat 1: chinokevin13 ($100 in chips) 
Seat 2: Cositorto ($130.94 in chips) 
Seat 3: pmeade1977 ($47.57 in chips) 
Seat 4: poker_soul11 ($105.67 in chips) 
Seat 5: LeaveItYeah ($123.76 in chips) 
Seat 6: AlexEliseev7 ($173.61 in chips) 
pmeade1977: posts small blind $0.50
poker_soul11: posts big blind $1
*** HOLE CARDS ***
LeaveItYeah: folds 
AlexEliseev7: raises $1.50 to $2.50
chinokevin13: raises $4.50 to $7
Cositorto: folds 
pmeade1977: folds 
poker_soul11: folds 
AlexEliseev7: raises $14 to $21
chinokevin13: folds 
Uncalled bet ($14) returned to AlexEliseev7
AlexEliseev7 collected $15.50 from pot
AlexEliseev7: doesn't show hand 
*** SUMMARY ***
Total pot $15.50 | Rake $0 
Seat 1: chinokevin13 folded before Flop
Seat 2: Cositorto (button) folded before Flop (didn't bet)
Seat 3: pmeade1977 (small blind) folded before Flop
Seat 4: poker_soul11 (big blind) folded before Flop
Seat 5: LeaveItYeah folded before Flop (didn't bet)
Seat 6: AlexEliseev7 collected ($15.50)



PokerStars Hand #254484082798:  Hold'em No Limit ($0.50/$1.00 USD) - 2025/01/21 14:44:54 WET [2025/01/21 9:44:54 ET]
Table 'Telamon IV' 6-max Seat #3 is the button
Seat 1: chinokevin13 ($100 in chips) 
Seat 2: Cositorto ($130.94 in chips) 
Seat 3: pmeade1977 ($47.07 in chips) 
Seat 4: poker_soul11 ($104.67 in chips) 
Seat 5: LeaveItYeah ($123.76 in chips) 
Seat 6: AlexEliseev7 ($182.11 in chips) 
poker_soul11: posts small blind $0.50
LeaveItYeah: posts big blind $1
*** HOLE CARDS ***
AlexEliseev7: raises $1.50 to $2.50
chinokevin13: folds 
Cositorto: folds 
pmeade1977: folds 
poker_soul11: folds 
LeaveItYeah: folds 
Uncalled bet ($1.50) returned to AlexEliseev7
AlexEliseev7 collected $2.50 from pot
AlexEliseev7: doesn't show hand 
*** SUMMARY ***
Total pot $2.50 | Rake $0 
Seat 1: chinokevin13 folded before Flop (didn't bet)
Seat 2: Cositorto folded before Flop (didn't bet)
Seat 3: pmeade1977 (button) folded before Flop (didn't bet)
Seat 4: poker_soul11 (small blind) folded before Flop
Seat 5: LeaveItYeah (big blind) folded before Flop
Seat 6: AlexEliseev7 collected ($2.50)



PokerStars Hand #254484086933:  Hold'em No Limit ($0.50/$1.00 USD) - 2025/01/21 14:45:16 WET [2025/01/21 9:45:16 ET]
Table 'Telamon IV' 6-max Seat #4 is the button
Seat 1: chinokevin13 ($100 in chips) 
Seat 2: Cositorto ($130.94 in chips) 
Seat 3: pmeade1977 ($47.07 in chips) 
Seat 4: poker_soul11 ($104.17 in chips) 
Seat 5: LeaveItYeah ($122.76 in chips) 
Seat 6: AlexEliseev7 ($183.61 in chips) 
LeaveItYeah: posts small blind $0.50
AlexEliseev7: posts big blind $1
*** HOLE CARDS ***
chinokevin13: raises $1.20 to $2.20
Cositorto: folds 
pmeade1977: folds 
poker_soul11: folds 
LeaveItYeah: folds 
AlexEliseev7: folds 
Uncalled bet ($1.20) returned to chinokevin13
chinokevin13 collected $2.50 from pot
chinokevin13: doesn't show hand 
*** SUMMARY ***
Total pot $2.50 | Rake $0 
Seat 1: chinokevin13 collected ($2.50)
Seat 2: Cositorto folded before Flop (didn't bet)
Seat 3: pmeade1977 folded before Flop (didn't bet)
Seat 4: poker_soul11 (button) folded before Flop (didn't bet)
Seat 5: LeaveItYeah (small blind) folded before Flop
Seat 6: AlexEliseev7 (big blind) folded before Flop



PokerStars Hand #254484090094:  Hold'em No Limit ($0.50/$1.00 USD) - 2025/01/21 14:45:33 WET [2025/01/21 9:45:33 ET]
Table 'Telamon IV' 6-max Seat #5 is the button
Seat 1: chinokevin13 ($101.50 in chips) 
Seat 2: Cositorto ($130.94 in chips) 
Seat 3: pmeade1977 ($47.07 in chips) 
Seat 4: poker_soul11 ($104.17 in chips) 
Seat 5: LeaveItYeah ($122.26 in chips) 
Seat 6: AlexEliseev7 ($182.61 in chips) 
AlexEliseev7: posts small blind $0.50
chinokevin13: posts big blind $1
*** HOLE CARDS ***
Cositorto: folds 
pmeade1977: folds 
poker_soul11: folds 
LeaveItYeah: folds 
AlexEliseev7: folds 
Uncalled bet ($0.50) returned to chinokevin13
chinokevin13 collected $1 from pot
chinokevin13: doesn't show hand 
*** SUMMARY ***
Total pot $1 | Rake $0 
Seat 1: chinokevin13 (big blind) collected ($1)
Seat 2: Cositorto folded before Flop (didn't bet)
Seat 3: pmeade1977 folded before Flop (didn't bet)
Seat 4: poker_soul11 folded before Flop (didn't bet)
Seat 5: LeaveItYeah (button) folded before Flop (didn't bet)
Seat 6: AlexEliseev7 (small blind) folded before Flop



PokerStars Hand #254484093386:  Hold'em No Limit ($0.50/$1.00 USD) - 2025/01/21 14:45:50 WET [2025/01/21 9:45:50 ET]
Table 'Telamon IV' 6-max Seat #6 is the button
Seat 1: chinokevin13 ($102 in chips) 
Seat 2: Cositorto ($130.94 in chips) 
Seat 3: pmeade1977 ($47.07 in chips) 
Seat 4: poker_soul11 ($104.17 in chips) 
Seat 5: LeaveItYeah ($122.26 in chips) 
Seat 6: AlexEliseev7 ($182.11 in chips) 
chinokevin13: posts small blind $0.50
Cositorto: posts big blind $1
*** HOLE CARDS ***
pmeade1977: folds 
poker_soul11: folds 
LeaveItYeah: raises $1.25 to $2.25
AlexEliseev7: folds 
chinokevin13: folds 
Cositorto: folds 
Uncalled bet ($1.25) returned to LeaveItYeah
LeaveItYeah collected $2.50 from pot
LeaveItYeah: doesn't show hand 
*** SUMMARY ***
Total pot $2.50 | Rake $0 
Seat 1: chinokevin13 (small blind) folded before Flop
Seat 2: Cositorto (big blind) folded before Flop
Seat 3: pmeade1977 folded before Flop (didn't bet)
Seat 4: poker_soul11 folded before Flop (didn't bet)
Seat 5: LeaveItYeah collected ($2.50)
Seat 6: AlexEliseev7 (button) folded before Flop (didn't bet)



PokerStars Hand #254484100228:  Hold'em No Limit ($0.50/$1.00 USD) - 2025/01/21 14:46:26 WET [2025/01/21 9:46:26 ET]
Table 'Telamon IV' 6-max Seat #1 is the button
Seat 1: chinokevin13 ($101.50 in chips) 
Seat 2: Cositorto ($129.94 in chips) 
Seat 3: pmeade1977 ($47.07 in chips) 
Seat 4: poker_soul11 ($104.17 in chips) 
Seat 5: LeaveItYeah ($123.76 in chips) 
Seat 6: AlexEliseev7 ($182.11 in chips) 
Cositorto: posts small blind $0.50
pmeade1977: posts big blind $1
*** HOLE CARDS ***
poker_soul11: folds 
LeaveItYeah: folds 
AlexEliseev7: folds 
chinokevin13: folds 
Cositorto: folds 
Uncalled bet ($0.50) returned to pmeade1977
pmeade1977 collected $1 from pot
*** SUMMARY ***
Total pot $1 | Rake $0 
Seat 1: chinokevin13 (button) folded before Flop (didn't bet)
Seat 2: Cositorto (small blind) folded before Flop
Seat 3: pmeade1977 (big blind) collected ($1)
Seat 4: poker_soul11 folded before Flop (didn't bet)
Seat 5: LeaveItYeah folded before Flop (didn't bet)
Seat 6: AlexEliseev7 folded before Flop (didn't bet)



PokerStars Hand #254484103435:  Hold'em No Limit ($0.50/$1.00 USD) - 2025/01/21 14:46:44 WET [2025/01/21 9:46:44 ET]
Table 'Telamon IV' 6-max Seat #2 is the button
Seat 1: chinokevin13 ($101.50 in chips) 
Seat 2: Cositorto ($129.44 in chips) 
Seat 3: pmeade1977 ($47.57 in chips) 
Seat 4: poker_soul11 ($104.17 in chips) 
Seat 5: LeaveItYeah ($123.76 in chips) 
Seat 6: AlexEliseev7 ($182.11 in chips) 
pmeade1977: posts small blind $0.50
poker_soul11: posts big blind $1
*** HOLE CARDS ***
LeaveItYeah: folds 
AlexEliseev7: folds 
chinokevin13: folds 
Cositorto: folds 
pmeade1977: folds 
Uncalled bet ($0.50) returned to poker_soul11
poker_soul11 collected $1 from pot
poker_soul11: doesn't show hand 
*** SUMMARY ***
Total pot $1 | Rake $0 
Seat 1: chinokevin13 folded before Flop (didn't bet)
Seat 2: Cositorto (button) folded before Flop (didn't bet)
Seat 3: pmeade1977 (small blind) folded before Flop
Seat 4: poker_soul11 (big blind) collected ($1)
Seat 5: LeaveItYeah folded before Flop (didn't bet)
Seat 6: AlexEliseev7 folded before Flop (didn't bet)



PokerStars Hand #254484106917:  Hold'em No Limit ($0.50/$1.00 USD) - 2025/01/21 14:47:02 WET [2025/01/21 9:47:02 ET]
Table 'Telamon IV' 6-max Seat #3 is the button
Seat 1: chinokevin13 ($101.50 in chips) 
Seat 2: Cositorto ($129.44 in chips) 
Seat 3: pmeade1977 ($47.07 in chips) 
Seat 4: poker_soul11 ($104.67 in chips) 
Seat 5: LeaveItYeah ($123.76 in chips) 
Seat 6: AlexEliseev7 ($182.11 in chips) 
poker_soul11: posts small blind $0.50
LeaveItYeah: posts big blind $1
*** HOLE CARDS ***
AlexEliseev7: raises $1.50 to $2.50
chinokevin13: folds 
Cositorto: folds 
pmeade1977: folds 
poker_soul11: folds 
LeaveItYeah: calls $1.50
*** FLOP *** [Th Kd Js]
LeaveItYeah: checks 
AlexEliseev7: bets $1.72
LeaveItYeah: calls $1.72
*** TURN *** [Th Kd Js] [9s]
LeaveItYeah: checks 
AlexEliseev7: checks 
*** RIVER *** [Th Kd Js 9s] [8c]
LeaveItYeah: bets $8.40
AlexEliseev7: calls $8.40
*** SHOW DOWN ***
LeaveItYeah: shows [Jc Tc] (two pair, Jacks and Tens)
AlexEliseev7: shows [Qs Kc] (a straight, Nine to King)
AlexEliseev7 collected $24.45 from pot
*** SUMMARY ***
Total pot $25.74 | Rake $1.29 
Board [Th Kd Js 9s 8c]
Seat 1: chinokevin13 folded before Flop (didn't bet)
Seat 2: Cositorto folded before Flop (didn't bet)
Seat 3: pmeade1977 (button) folded before Flop (didn't bet)
Seat 4: poker_soul11 (small blind) folded before Flop
Seat 5: LeaveItYeah (big blind) showed [Jc Tc] and lost with two pair, Jacks and Tens
Seat 6: AlexEliseev7 showed [Qs Kc] and won ($24.45) with a straight, Nine to King



PokerStars Hand #254484119600:  Hold'em No Limit ($0.50/$1.00 USD) - 2025/01/21 14:48:09 WET [2025/01/21 9:48:09 ET]
Table 'Telamon IV' 6-max Seat #4 is the button
Seat 1: chinokevin13 ($101.50 in chips) 
Seat 2: Cositorto ($129.44 in chips) 
Seat 3: pmeade1977 ($47.07 in chips) 
Seat 4: poker_soul11 ($104.17 in chips) 
Seat 5: LeaveItYeah ($111.14 in chips) 
Seat 6: AlexEliseev7 ($193.94 in chips) 
LeaveItYeah: posts small blind $0.50
AlexEliseev7: posts big blind $1
*** HOLE CARDS ***
chinokevin13: folds 
Cositorto: folds 
pmeade1977: folds 
poker_soul11: raises $1.20 to $2.20
LeaveItYeah: folds 
AlexEliseev7: calls $1.20
*** FLOP *** [Kc Qd Js]
AlexEliseev7: checks 
poker_soul11: checks 
*** TURN *** [Kc Qd Js] [9s]
AlexEliseev7: checks 
poker_soul11: checks 
*** RIVER *** [Kc Qd Js 9s] [Kh]
AlexEliseev7: checks 
poker_soul11: checks 
*** SHOW DOWN ***
AlexEliseev7: shows [2d 2s] (two pair, Kings and Deuces)
poker_soul11: shows [Jd 7d] (two pair, Kings and Jacks)
poker_soul11 collected $4.66 from pot
*** SUMMARY ***
Total pot $4.90 | Rake $0.24 
Board [Kc Qd Js 9s Kh]
Seat 1: chinokevin13 folded before Flop (didn't bet)
Seat 2: Cositorto folded before Flop (didn't bet)
Seat 3: pmeade1977 folded before Flop (didn't bet)
Seat 4: poker_soul11 (button) showed [Jd 7d] and won ($4.66) with two pair, Kings and Jacks
Seat 5: LeaveItYeah (small blind) folded before Flop
Seat 6: AlexEliseev7 (big blind) showed [2d 2s] and lost with two pair, Kings and Deuces



PokerStars Hand #254484131370:  Hold'em No Limit ($0.50/$1.00 USD) - 2025/01/21 14:49:12 WET [2025/01/21 9:49:12 ET]
Table 'Telamon IV' 6-max Seat #5 is the button
Seat 1: chinokevin13 ($101.50 in chips) 
Seat 2: Cositorto ($129.44 in chips) 
Seat 3: pmeade1977 ($47.07 in chips) 
Seat 4: poker_soul11 ($106.63 in chips) 
Seat 5: LeaveItYeah ($110.64 in chips) 
Seat 6: AlexEliseev7 ($191.74 in chips) 
AlexEliseev7: posts small blind $0.50
chinokevin13: posts big blind $1
*** HOLE CARDS ***
Cositorto: folds 
pmeade1977: raises $1 to $2
poker_soul11: folds 
LeaveItYeah: folds 
AlexEliseev7: folds 
chinokevin13: calls $1
*** FLOP *** [9d Ad 4d]
chinokevin13: checks 
pmeade1977: bets $4.28
chinokevin13: calls $4.28
*** TURN *** [9d Ad 4d] [7d]
chinokevin13: checks 
pmeade1977: checks 
*** RIVER *** [9d Ad 4d 7d] [Jd]
chinokevin13: checks 
pmeade1977: checks 
*** SHOW DOWN ***
chinokevin13: shows [8s Ac] (a flush, Ace high)
pmeade1977: shows [Ks Jc] (a flush, Ace high)
chinokevin13 collected $6.21 from pot
pmeade1977 collected $6.20 from pot
*** SUMMARY ***
Total pot $13.06 | Rake $0.65 
Board [9d Ad 4d 7d Jd]
Seat 1: chinokevin13 (big blind) showed [8s Ac] and won ($6.21) with a flush, Ace high
Seat 2: Cositorto folded before Flop (didn't bet)
Seat 3: pmeade1977 showed [Ks Jc] and won ($6.20) with a flush, Ace high
Seat 4: poker_soul11 folded before Flop (didn't bet)
Seat 5: LeaveItYeah (button) folded before Flop (didn't bet)
Seat 6: AlexEliseev7 (small blind) folded before Flop



PokerStars Hand #254484141399:  Hold'em No Limit ($0.50/$1.00 USD) - 2025/01/21 14:50:05 WET [2025/01/21 9:50:05 ET]
Table 'Telamon IV' 6-max Seat #6 is the button
Seat 1: chinokevin13 ($101.43 in chips) 
Seat 2: Cositorto ($129.44 in chips) 
Seat 3: pmeade1977 ($46.99 in chips) 
Seat 4: poker_soul11 ($106.63 in chips) 
Seat 5: LeaveItYeah ($110.64 in chips) 
Seat 6: AlexEliseev7 ($191.24 in chips) 
chinokevin13: posts small blind $0.50
Cositorto: posts big blind $1
*** HOLE CARDS ***
pmeade1977: folds 
poker_soul11: raises $1.20 to $2.20
LeaveItYeah: raises $4.40 to $6.60
AlexEliseev7: folds 
chinokevin13: folds 
Cositorto: folds 
poker_soul11: folds 
Uncalled bet ($4.40) returned to LeaveItYeah
LeaveItYeah collected $5.90 from pot
LeaveItYeah: doesn't show hand 
*** SUMMARY ***
Total pot $5.90 | Rake $0 
Seat 1: chinokevin13 (small blind) folded before Flop
Seat 2: Cositorto (big blind) folded before Flop
Seat 3: pmeade1977 folded before Flop (didn't bet)
Seat 4: poker_soul11 folded before Flop
Seat 5: LeaveItYeah collected ($5.90)
Seat 6: AlexEliseev7 (button) folded before Flop (didn't bet)



PokerStars Hand #254484146353:  Hold'em No Limit ($0.50/$1.00 USD) - 2025/01/21 14:50:31 WET [2025/01/21 9:50:31 ET]
Table 'Telamon IV' 6-max Seat #1 is the button
Seat 1: chinokevin13 ($100.93 in chips) 
Seat 2: Cositorto ($128.44 in chips) 
Seat 3: pmeade1977 ($46.99 in chips) 
Seat 4: poker_soul11 ($104.43 in chips) 
Seat 5: LeaveItYeah ($114.34 in chips) 
Seat 6: AlexEliseev7 ($191.24 in chips) 
Cositorto: posts small blind $0.50
pmeade1977: posts big blind $1
*** HOLE CARDS ***
poker_soul11: folds 
LeaveItYeah: folds 
AlexEliseev7: folds 
chinokevin13: raises $1.50 to $2.50
Cositorto: folds 
pmeade1977: calls $1.50
*** FLOP *** [5d 4s Ts]
pmeade1977: bets $3
chinokevin13: calls $3
*** TURN *** [5d 4s Ts] [Qc]
pmeade1977: bets $1
chinokevin13: raises $6.50 to $7.50
pmeade1977: folds 
Uncalled bet ($6.50) returned to chinokevin13
chinokevin13 collected $12.82 from pot
chinokevin13: doesn't show hand 
*** SUMMARY ***
Total pot $13.50 | Rake $0.68 
Board [5d 4s Ts Qc]
Seat 1: chinokevin13 (button) collected ($12.82)
Seat 2: Cositorto (small blind) folded before Flop
Seat 3: pmeade1977 (big blind) folded on the Turn
Seat 4: poker_soul11 folded before Flop (didn't bet)
Seat 5: LeaveItYeah folded before Flop (didn't bet)
Seat 6: AlexEliseev7 folded before Flop (didn't bet)



PokerStars Hand #254484154387:  Hold'em No Limit ($0.50/$1.00 USD) - 2025/01/21 14:51:14 WET [2025/01/21 9:51:14 ET]
Table 'Telamon IV' 6-max Seat #2 is the button
Seat 1: chinokevin13 ($107.25 in chips) 
Seat 2: Cositorto ($127.94 in chips) 
Seat 3: pmeade1977 ($40.49 in chips) 
Seat 4: poker_soul11 ($104.43 in chips) 
Seat 5: LeaveItYeah ($114.34 in chips) 
Seat 6: AlexEliseev7 ($191.24 in chips) 
pmeade1977: posts small blind $0.50
poker_soul11: posts big blind $1
*** HOLE CARDS ***
LeaveItYeah: raises $1.10 to $2.10
AlexEliseev7: folds 
chinokevin13: folds 
Cositorto: folds 
pmeade1977: calls $1.60
poker_soul11: folds 
*** FLOP *** [9d 9c 8h]
pmeade1977: checks 
LeaveItYeah: bets $1.48
pmeade1977: folds 
Uncalled bet ($1.48) returned to LeaveItYeah
LeaveItYeah collected $4.94 from pot
LeaveItYeah: doesn't show hand 
*** SUMMARY ***
Total pot $5.20 | Rake $0.26 
Board [9d 9c 8h]
Seat 1: chinokevin13 folded before Flop (didn't bet)
Seat 2: Cositorto (button) folded before Flop (didn't bet)
Seat 3: pmeade1977 (small blind) folded on the Flop
Seat 4: poker_soul11 (big blind) folded before Flop
Seat 5: LeaveItYeah collected ($4.94)
Seat 6: AlexEliseev7 folded before Flop (didn't bet)



PokerStars Hand #254484160308:  Hold'em No Limit ($0.50/$1.00 USD) - 2025/01/21 14:51:44 WET [2025/01/21 9:51:44 ET]
Table 'Telamon IV' 6-max Seat #3 is the button
Seat 1: chinokevin13 ($107.25 in chips) 
Seat 2: Cositorto ($127.94 in chips) 
Seat 3: pmeade1977 ($38.39 in chips) 
Seat 4: poker_soul11 ($103.43 in chips) 
Seat 5: LeaveItYeah ($117.18 in chips) 
Seat 6: AlexEliseev7 ($191.24 in chips) 
poker_soul11: posts small blind $0.50
LeaveItYeah: posts big blind $1
*** HOLE CARDS ***
AlexEliseev7: folds 
chinokevin13: raises $1.20 to $2.20
Cositorto: folds 
pmeade1977: folds 
poker_soul11: folds 
LeaveItYeah: folds 
Uncalled bet ($1.20) returned to chinokevin13
chinokevin13 collected $2.50 from pot
chinokevin13: doesn't show hand 
*** SUMMARY ***
Total pot $2.50 | Rake $0 
Seat 1: chinokevin13 collected ($2.50)
Seat 2: Cositorto folded before Flop (didn't bet)
Seat 3: pmeade1977 (button) folded before Flop (didn't bet)
Seat 4: poker_soul11 (small blind) folded before Flop
Seat 5: LeaveItYeah (big blind) folded before Flop
Seat 6: AlexEliseev7 folded before Flop (didn't bet)



PokerStars Hand #254484162961:  Hold'em No Limit ($0.50/$1.00 USD) - 2025/01/21 14:51:58 WET [2025/01/21 9:51:58 ET]
Table 'Telamon IV' 6-max Seat #4 is the button
Seat 1: chinokevin13 ($108.75 in chips) 
Seat 2: Cositorto ($127.94 in chips) 
Seat 3: pmeade1977 ($38.39 in chips) 
Seat 4: poker_soul11 ($102.93 in chips) 
Seat 5: LeaveItYeah ($116.18 in chips) 
Seat 6: AlexEliseev7 ($191.24 in chips) 
LeaveItYeah: posts small blind $0.50
AlexEliseev7: posts big blind $1
*** HOLE CARDS ***
chinokevin13: folds 
Cositorto: folds 
pmeade1977: folds 
poker_soul11: folds 
LeaveItYeah: folds 
Uncalled bet ($0.50) returned to AlexEliseev7
AlexEliseev7 collected $1 from pot
AlexEliseev7: doesn't show hand 
*** SUMMARY ***
Total pot $1 | Rake $0 
Seat 1: chinokevin13 folded before Flop (didn't bet)
Seat 2: Cositorto folded before Flop (didn't bet)
Seat 3: pmeade1977 folded before Flop (didn't bet)
Seat 4: poker_soul11 (button) folded before Flop (didn't bet)
Seat 5: LeaveItYeah (small blind) folded before Flop
Seat 6: AlexEliseev7 (big blind) collected ($1)



PokerStars Hand #254484166147:  Hold'em No Limit ($0.50/$1.00 USD) - 2025/01/21 14:52:15 WET [2025/01/21 9:52:15 ET]
Table 'Telamon IV' 6-max Seat #5 is the button
Seat 1: chinokevin13 ($108.75 in chips) 
Seat 2: Cositorto ($127.94 in chips) 
Seat 3: pmeade1977 ($38.39 in chips) 
Seat 4: poker_soul11 ($102.93 in chips) 
Seat 5: LeaveItYeah ($115.68 in chips) 
Seat 6: AlexEliseev7 ($191.74 in chips) 
AlexEliseev7: posts small blind $0.50
chinokevin13: posts big blind $1
*** HOLE CARDS ***
Cositorto: folds 
pmeade1977: folds 
poker_soul11: folds 
LeaveItYeah: folds 
AlexEliseev7: folds 
Uncalled bet ($0.50) returned to chinokevin13
chinokevin13 collected $1 from pot
chinokevin13: doesn't show hand 
*** SUMMARY ***
Total pot $1 | Rake $0 
Seat 1: chinokevin13 (big blind) collected ($1)
Seat 2: Cositorto folded before Flop (didn't bet)
Seat 3: pmeade1977 folded before Flop (didn't bet)
Seat 4: poker_soul11 folded before Flop (didn't bet)
Seat 5: LeaveItYeah (button) folded before Flop (didn't bet)
Seat 6: AlexEliseev7 (small blind) folded before Flop



PokerStars Hand #254484169300:  Hold'em No Limit ($0.50/$1.00 USD) - 2025/01/21 14:52:32 WET [2025/01/21 9:52:32 ET]
Table 'Telamon IV' 6-max Seat #6 is the button
Seat 1: chinokevin13 ($109.25 in chips) 
Seat 2: Cositorto ($127.94 in chips) 
Seat 3: pmeade1977 ($38.39 in chips) 
Seat 4: poker_soul11 ($102.93 in chips) 
Seat 5: LeaveItYeah ($115.68 in chips) 
Seat 6: AlexEliseev7 ($191.24 in chips) 
chinokevin13: posts small blind $0.50
Cositorto: posts big blind $1
*** HOLE CARDS ***
pmeade1977: folds 
poker_soul11: folds 
LeaveItYeah: folds 
AlexEliseev7: folds 
chinokevin13: folds 
Uncalled bet ($0.50) returned to Cositorto
Cositorto collected $1 from pot
Cositorto: doesn't show hand 
*** SUMMARY ***
Total pot $1 | Rake $0 
Seat 1: chinokevin13 (small blind) folded before Flop
Seat 2: Cositorto (big blind) collected ($1)
Seat 3: pmeade1977 folded before Flop (didn't bet)
Seat 4: poker_soul11 folded before Flop (didn't bet)
Seat 5: LeaveItYeah folded before Flop (didn't bet)
Seat 6: AlexEliseev7 (button) folded before Flop (didn't bet)



PokerStars Hand #254484172396:  Hold'em No Limit ($0.50/$1.00 USD) - 2025/01/21 14:52:48 WET [2025/01/21 9:52:48 ET]
Table 'Telamon IV' 6-max Seat #1 is the button
Seat 1: chinokevin13 ($108.75 in chips) 
Seat 2: Cositorto ($128.44 in chips) 
Seat 3: pmeade1977 ($38.39 in chips) 
Seat 4: poker_soul11 ($102.93 in chips) 
Seat 5: LeaveItYeah ($115.68 in chips) 
Seat 6: AlexEliseev7 ($191.24 in chips) 
Cositorto: posts small blind $0.50
pmeade1977: posts big blind $1
*** HOLE CARDS ***
poker_soul11: folds 
LeaveItYeah: folds 
AlexEliseev7: folds 
chinokevin13: raises $1.50 to $2.50
Cositorto: folds 
pmeade1977: folds 
Uncalled bet ($1.50) returned to chinokevin13
chinokevin13 collected $2.50 from pot
chinokevin13: doesn't show hand 
*** SUMMARY ***
Total pot $2.50 | Rake $0 
Seat 1: chinokevin13 (button) collected ($2.50)
Seat 2: Cositorto (small blind) folded before Flop
Seat 3: pmeade1977 (big blind) folded before Flop
Seat 4: poker_soul11 folded before Flop (didn't bet)
Seat 5: LeaveItYeah folded before Flop (didn't bet)
Seat 6: AlexEliseev7 folded before Flop (didn't bet)



PokerStars Hand #254484174999:  Hold'em No Limit ($0.50/$1.00 USD) - 2025/01/21 14:53:02 WET [2025/01/21 9:53:02 ET]
Table 'Telamon IV' 6-max Seat #2 is the button
Seat 1: chinokevin13 ($110.25 in chips) 
Seat 2: Cositorto ($127.94 in chips) 
Seat 3: pmeade1977 ($37.39 in chips) 
Seat 4: poker_soul11 ($102.93 in chips) 
Seat 5: LeaveItYeah ($115.68 in chips) 
Seat 6: AlexEliseev7 ($191.24 in chips) 
pmeade1977: posts small blind $0.50
poker_soul11: posts big blind $1
*** HOLE CARDS ***
LeaveItYeah: folds 
AlexEliseev7: folds 
chinokevin13: raises $1.50 to $2.50
Cositorto: folds 
pmeade1977: folds 
poker_soul11: folds 
Uncalled bet ($1.50) returned to chinokevin13
chinokevin13 collected $2.50 from pot
chinokevin13: doesn't show hand 
*** SUMMARY ***
Total pot $2.50 | Rake $0 
Seat 1: chinokevin13 collected ($2.50)
Seat 2: Cositorto (button) folded before Flop (didn't bet)
Seat 3: pmeade1977 (small blind) folded before Flop
Seat 4: poker_soul11 (big blind) folded before Flop
Seat 5: LeaveItYeah folded before Flop (didn't bet)
Seat 6: AlexEliseev7 folded before Flop (didn't bet)



PokerStars Hand #254484178535:  Hold'em No Limit ($0.50/$1.00 USD) - 2025/01/21 14:53:20 WET [2025/01/21 9:53:20 ET]
Table 'Telamon IV' 6-max Seat #3 is the button
Seat 1: chinokevin13 ($111.75 in chips) 
Seat 2: Cositorto ($127.94 in chips) 
Seat 3: pmeade1977 ($36.89 in chips) 
Seat 4: poker_soul11 ($101.93 in chips) 
Seat 5: LeaveItYeah ($115.68 in chips) 
Seat 6: AlexEliseev7 ($191.24 in chips) 
poker_soul11: posts small blind $0.50
LeaveItYeah: posts big blind $1
*** HOLE CARDS ***
AlexEliseev7: raises $1.50 to $2.50
chinokevin13: folds 
Cositorto: folds 
pmeade1977: folds 
poker_soul11: folds 
LeaveItYeah: folds 
Uncalled bet ($1.50) returned to AlexEliseev7
AlexEliseev7 collected $2.50 from pot
AlexEliseev7: doesn't show hand 
*** SUMMARY ***
Total pot $2.50 | Rake $0 
Seat 1: chinokevin13 folded before Flop (didn't bet)
Seat 2: Cositorto folded before Flop (didn't bet)
Seat 3: pmeade1977 (button) folded before Flop (didn't bet)
Seat 4: poker_soul11 (small blind) folded before Flop
Seat 5: LeaveItYeah (big blind) folded before Flop
Seat 6: AlexEliseev7 collected ($2.50)



PokerStars Hand #254484181769:  Hold'em No Limit ($0.50/$1.00 USD) - 2025/01/21 14:53:37 WET [2025/01/21 9:53:37 ET]
Table 'Telamon IV' 6-max Seat #4 is the button
Seat 1: chinokevin13 ($111.75 in chips) 
Seat 2: Cositorto ($127.94 in chips) 
Seat 3: pmeade1977 ($36.89 in chips) 
Seat 4: poker_soul11 ($101.43 in chips) 
Seat 5: LeaveItYeah ($114.68 in chips) 
Seat 6: AlexEliseev7 ($192.74 in chips) 
LeaveItYeah: posts small blind $0.50
AlexEliseev7: posts big blind $1
*** HOLE CARDS ***
chinokevin13: raises $1.20 to $2.20
Cositorto: folds 
pmeade1977: calls $2.20
poker_soul11: folds 
LeaveItYeah: folds 
AlexEliseev7: folds 
*** FLOP *** [Jd Qs 6c]
chinokevin13: checks 
pmeade1977: bets $3
chinokevin13: folds 
Uncalled bet ($3) returned to pmeade1977
pmeade1977 collected $5.60 from pot
*** SUMMARY ***
Total pot $5.90 | Rake $0.30 
Board [Jd Qs 6c]
Seat 1: chinokevin13 folded on the Flop
Seat 2: Cositorto folded before Flop (didn't bet)
Seat 3: pmeade1977 collected ($5.60)
Seat 4: poker_soul11 (button) folded before Flop (didn't bet)
Seat 5: LeaveItYeah (small blind) folded before Flop
Seat 6: AlexEliseev7 (big blind) folded before Flop



PokerStars Hand #254484189588:  Hold'em No Limit ($0.50/$1.00 USD) - 2025/01/21 14:54:19 WET [2025/01/21 9:54:19 ET]
Table 'Telamon IV' 6-max Seat #5 is the button
Seat 1: chinokevin13 ($109.55 in chips) 
Seat 2: Cositorto ($127.94 in chips) 
Seat 3: pmeade1977 ($40.29 in chips) 
Seat 4: poker_soul11 ($101.43 in chips) 
Seat 5: LeaveItYeah ($114.18 in chips) 
Seat 6: AlexEliseev7 ($191.74 in chips) 
AlexEliseev7: posts small blind $0.50
chinokevin13: posts big blind $1
*** HOLE CARDS ***
Cositorto: folds 
pmeade1977: raises $5 to $6
poker_soul11: folds 
LeaveItYeah: folds 
AlexEliseev7: folds 
chinokevin13: folds 
Uncalled bet ($5) returned to pmeade1977
pmeade1977 collected $2.50 from pot
*** SUMMARY ***
Total pot $2.50 | Rake $0 
Seat 1: chinokevin13 (big blind) folded before Flop
Seat 2: Cositorto folded before Flop (didn't bet)
Seat 3: pmeade1977 collected ($2.50)
Seat 4: poker_soul11 folded before Flop (didn't bet)
Seat 5: LeaveItYeah (button) folded before Flop (didn't bet)
Seat 6: AlexEliseev7 (small blind) folded before Flop



PokerStars Hand #254484194296:  Hold'em No Limit ($0.50/$1.00 USD) - 2025/01/21 14:54:43 WET [2025/01/21 9:54:43 ET]
Table 'Telamon IV' 6-max Seat #6 is the button
Seat 1: chinokevin13 ($108.55 in chips) 
Seat 2: Cositorto ($127.94 in chips) 
Seat 3: pmeade1977 ($41.79 in chips) 
Seat 4: poker_soul11 ($101.43 in chips) 
Seat 5: LeaveItYeah ($114.18 in chips) 
Seat 6: AlexEliseev7 ($191.24 in chips) 
chinokevin13: posts small blind $0.50
Cositorto: posts big blind $1
*** HOLE CARDS ***
pmeade1977: folds 
poker_soul11: folds 
LeaveItYeah: raises $1.25 to $2.25
AlexEliseev7: folds 
chinokevin13: folds 
Cositorto: calls $1.25
*** FLOP *** [4s Ad 6c]
Cositorto: checks 
LeaveItYeah: checks 
*** TURN *** [4s Ad 6c] [5s]
Cositorto: bets $1.28
LeaveItYeah: calls $1.28
*** RIVER *** [4s Ad 6c 5s] [Kh]
Cositorto: checks 
LeaveItYeah: bets $4.38
Cositorto: calls $4.38
*** SHOW DOWN ***
LeaveItYeah: shows [2s As] (a pair of Aces)
Cositorto: mucks hand 
LeaveItYeah collected $15.50 from pot
*** SUMMARY ***
Total pot $16.32 | Rake $0.82 
Board [4s Ad 6c 5s Kh]
Seat 1: chinokevin13 (small blind) folded before Flop
Seat 2: Cositorto (big blind) mucked
Seat 3: pmeade1977 folded before Flop (didn't bet)
Seat 4: poker_soul11 folded before Flop (didn't bet)
Seat 5: LeaveItYeah showed [2s As] and won ($15.50) with a pair of Aces
Seat 6: AlexEliseev7 (button) folded before Flop (didn't bet)



PokerStars Hand #254484206103:  Hold'em No Limit ($0.50/$1.00 USD) - 2025/01/21 14:55:58 WET [2025/01/21 9:55:58 ET]
Table 'Telamon IV' 6-max Seat #1 is the button
Seat 1: chinokevin13 ($108.05 in chips) 
Seat 2: Cositorto ($120.03 in chips) 
Seat 3: pmeade1977 ($41.79 in chips) 
Seat 4: poker_soul11 ($101.43 in chips) 
Seat 5: LeaveItYeah ($121.77 in chips) 
Seat 6: AlexEliseev7 ($191.24 in chips) 
Cositorto: posts small blind $0.50
pmeade1977: posts big blind $1
*** HOLE CARDS ***
poker_soul11: raises $1.20 to $2.20
LeaveItYeah: folds 
AlexEliseev7: folds 
chinokevin13: folds 
Cositorto: folds 
pmeade1977: folds 
Uncalled bet ($1.20) returned to poker_soul11
poker_soul11 collected $2.50 from pot
poker_soul11: doesn't show hand 
*** SUMMARY ***
Total pot $2.50 | Rake $0 
Seat 1: chinokevin13 (button) folded before Flop (didn't bet)
Seat 2: Cositorto (small blind) folded before Flop
Seat 3: pmeade1977 (big blind) folded before Flop
Seat 4: poker_soul11 collected ($2.50)
Seat 5: LeaveItYeah folded before Flop (didn't bet)
Seat 6: AlexEliseev7 folded before Flop (didn't bet)



PokerStars Hand #254484210289:  Hold'em No Limit ($0.50/$1.00 USD) - 2025/01/21 14:56:26 WET [2025/01/21 9:56:26 ET]
Table 'Telamon IV' 6-max Seat #2 is the button
Seat 1: chinokevin13 ($108.05 in chips) 
Seat 2: Cositorto ($119.53 in chips) 
Seat 3: pmeade1977 ($40.79 in chips) 
Seat 4: poker_soul11 ($102.93 in chips) 
Seat 5: LeaveItYeah ($121.77 in chips) 
Seat 6: AlexEliseev7 ($191.24 in chips) 
pmeade1977: posts small blind $0.50
poker_soul11: posts big blind $1
*** HOLE CARDS ***
LeaveItYeah: folds 
AlexEliseev7: folds 
chinokevin13: folds 
Cositorto: folds 
pmeade1977: calls $0.50
poker_soul11: checks 
*** FLOP *** [Jd Ks Jh]
pmeade1977: checks 
poker_soul11: checks 
*** TURN *** [Jd Ks Jh] [Ad]
pmeade1977: bets $1
poker_soul11: calls $1
*** RIVER *** [Jd Ks Jh Ad] [Th]
pmeade1977: checks 
poker_soul11: bets $4.75
pmeade1977: folds 
Uncalled bet ($4.75) returned to poker_soul11
poker_soul11 collected $3.80 from pot
poker_soul11: doesn't show hand 
*** SUMMARY ***
Total pot $4 | Rake $0.20 
Board [Jd Ks Jh Ad Th]
Seat 1: chinokevin13 folded before Flop (didn't bet)
Seat 2: Cositorto (button) folded before Flop (didn't bet)
Seat 3: pmeade1977 (small blind) folded on the River
Seat 4: poker_soul11 (big blind) collected ($3.80)
Seat 5: LeaveItYeah folded before Flop (didn't bet)
Seat 6: AlexEliseev7 folded before Flop (didn't bet)



PokerStars Hand #254484222740:  Hold'em No Limit ($0.50/$1.00 USD) - 2025/01/21 14:57:49 WET [2025/01/21 9:57:49 ET]
Table 'Telamon IV' 6-max Seat #3 is the button
Seat 1: chinokevin13 ($108.05 in chips) 
Seat 2: Cositorto ($119.53 in chips) 
Seat 3: pmeade1977 ($38.79 in chips) 
Seat 4: poker_soul11 ($104.73 in chips) 
Seat 5: LeaveItYeah ($121.77 in chips) 
Seat 6: AlexEliseev7 ($191.24 in chips) 
poker_soul11: posts small blind $0.50
LeaveItYeah: posts big blind $1
*** HOLE CARDS ***
AlexEliseev7: folds 
chinokevin13: folds 
Cositorto: folds 
pmeade1977: folds 
poker_soul11: folds 
Uncalled bet ($0.50) returned to LeaveItYeah
LeaveItYeah collected $1 from pot
LeaveItYeah: doesn't show hand 
*** SUMMARY ***
Total pot $1 | Rake $0 
Seat 1: chinokevin13 folded before Flop (didn't bet)
Seat 2: Cositorto folded before Flop (didn't bet)
Seat 3: pmeade1977 (button) folded before Flop (didn't bet)
Seat 4: poker_soul11 (small blind) folded before Flop
Seat 5: LeaveItYeah (big blind) collected ($1)
Seat 6: AlexEliseev7 folded before Flop (didn't bet)



PokerStars Hand #254484226296:  Hold'em No Limit ($0.50/$1.00 USD) - 2025/01/21 14:58:14 WET [2025/01/21 9:58:14 ET]
Table 'Telamon IV' 6-max Seat #4 is the button
Seat 1: chinokevin13 ($108.05 in chips) 
Seat 2: Cositorto ($119.53 in chips) 
Seat 3: pmeade1977 ($38.79 in chips) 
Seat 4: poker_soul11 ($104.23 in chips) 
Seat 5: LeaveItYeah ($122.27 in chips) 
Seat 6: AlexEliseev7 ($191.24 in chips) 
LeaveItYeah: posts small blind $0.50
AlexEliseev7: posts big blind $1
*** HOLE CARDS ***
chinokevin13: folds 
Cositorto: folds 
pmeade1977: raises $37.79 to $38.79 and is all-in
poker_soul11: folds 
LeaveItYeah: folds 
AlexEliseev7: folds 
Uncalled bet ($37.79) returned to pmeade1977
pmeade1977 collected $2.50 from pot
*** SUMMARY ***
Total pot $2.50 | Rake $0 
Seat 1: chinokevin13 folded before Flop (didn't bet)
Seat 2: Cositorto folded before Flop (didn't bet)
Seat 3: pmeade1977 collected ($2.50)
Seat 4: poker_soul11 (button) folded before Flop (didn't bet)
Seat 5: LeaveItYeah (small blind) folded before Flop
Seat 6: AlexEliseev7 (big blind) folded before Flop



PokerStars Hand #254484230974:  Hold'em No Limit ($0.50/$1.00 USD) - 2025/01/21 14:58:45 WET [2025/01/21 9:58:45 ET]
Table 'Telamon IV' 6-max Seat #5 is the button
Seat 1: chinokevin13 ($108.05 in chips) is sitting out
Seat 2: Cositorto ($119.53 in chips) 
Seat 3: pmeade1977 ($40.29 in chips) 
Seat 4: poker_soul11 ($104.23 in chips) 
Seat 5: LeaveItYeah ($121.77 in chips) 
Seat 6: AlexEliseev7 ($190.24 in chips) 
AlexEliseev7: posts small blind $0.50
chinokevin13: is sitting out 
Cositorto: posts big blind $1
*** HOLE CARDS ***
chinokevin13 leaves the table
pmeade1977: folds 
franco232315 joins the table at seat #1 
poker_soul11: raises $1.20 to $2.20
LeaveItYeah: folds 
AlexEliseev7: folds 
Cositorto: folds 
Uncalled bet ($1.20) returned to poker_soul11
poker_soul11 collected $2.50 from pot
poker_soul11: doesn't show hand 
*** SUMMARY ***
Total pot $2.50 | Rake $0 
Seat 1: chinokevin13
Seat 2: Cositorto (big blind) folded before Flop
Seat 3: pmeade1977 folded before Flop (didn't bet)
Seat 4: poker_soul11 collected ($2.50)
Seat 5: LeaveItYeah (button) folded before Flop (didn't bet)
Seat 6: AlexEliseev7 (small blind) folded before Flop



PokerStars Hand #254484233570:  Hold'em No Limit ($0.50/$1.00 USD) - 2025/01/21 14:59:03 WET [2025/01/21 9:59:03 ET]
Table 'Telamon IV' 6-max Seat #6 is the button
Seat 1: franco232315 ($100 in chips) is sitting out
Seat 2: Cositorto ($118.53 in chips) 
Seat 3: pmeade1977 ($40.29 in chips) 
Seat 4: poker_soul11 ($105.73 in chips) 
Seat 5: LeaveItYeah ($121.77 in chips) 
Seat 6: AlexEliseev7 ($189.74 in chips) 
Cositorto: posts small blind $0.50
pmeade1977: posts big blind $1
*** HOLE CARDS ***
poker_soul11: raises $1.20 to $2.20
LeaveItYeah: folds 
AlexEliseev7: folds 
Cositorto: folds 
pmeade1977: calls $1.20
*** FLOP *** [4h Qs 3h]
pmeade1977: bets $4.66
poker_soul11: folds 
Uncalled bet ($4.66) returned to pmeade1977
pmeade1977 collected $4.66 from pot
*** SUMMARY ***
Total pot $4.90 | Rake $0.24 
Board [4h Qs 3h]
Seat 1: franco232315
Seat 2: Cositorto (small blind) folded before Flop
Seat 3: pmeade1977 (big blind) collected ($4.66)
Seat 4: poker_soul11 folded on the Flop
Seat 5: LeaveItYeah folded before Flop (didn't bet)
Seat 6: AlexEliseev7 (button) folded before Flop (didn't bet)



PokerStars Hand #254484237480:  Hold'em No Limit ($0.50/$1.00 USD) - 2025/01/21 14:59:29 WET [2025/01/21 9:59:29 ET]
Table 'Telamon IV' 6-max Seat #2 is the button
Seat 1: franco232315 ($100 in chips) is sitting out
Seat 2: Cositorto ($118.03 in chips) 
Seat 3: pmeade1977 ($42.75 in chips) 
Seat 4: poker_soul11 ($103.53 in chips) 
Seat 5: LeaveItYeah ($121.77 in chips) 
Seat 6: AlexEliseev7 ($189.74 in chips) 
pmeade1977: posts small blind $0.50
poker_soul11: posts big blind $1
franco232315: sits out 
*** HOLE CARDS ***
LeaveItYeah: raises $1.10 to $2.10
AlexEliseev7: folds 
Cositorto: folds 
pmeade1977: calls $1.60
poker_soul11: folds 
*** FLOP *** [8s Kh Qd]
pmeade1977: checks 
LeaveItYeah: checks 
*** TURN *** [8s Kh Qd] [7h]
pmeade1977: checks 
LeaveItYeah: bets $3.71
pmeade1977: folds 
Uncalled bet ($3.71) returned to LeaveItYeah
LeaveItYeah collected $4.94 from pot
LeaveItYeah: doesn't show hand 
*** SUMMARY ***
Total pot $5.20 | Rake $0.26 
Board [8s Kh Qd 7h]
Seat 1: franco232315
Seat 2: Cositorto (button) folded before Flop (didn't bet)
Seat 3: pmeade1977 (small blind) folded on the Turn
Seat 4: poker_soul11 (big blind) folded before Flop
Seat 5: LeaveItYeah collected ($4.94)
Seat 6: AlexEliseev7 folded before Flop (didn't bet)



PokerStars Hand #254484245472:  Hold'em No Limit ($0.50/$1.00 USD) - 2025/01/21 15:00:20 WET [2025/01/21 10:00:20 ET]
Table 'Telamon IV' 6-max Seat #3 is the button
Seat 1: franco232315 ($100 in chips) is sitting out
Seat 2: Cositorto ($118.03 in chips) 
Seat 3: pmeade1977 ($40.65 in chips) 
Seat 4: poker_soul11 ($102.53 in chips) 
Seat 5: LeaveItYeah ($124.61 in chips) 
Seat 6: AlexEliseev7 ($189.74 in chips) 
poker_soul11: posts small blind $0.50
LeaveItYeah: posts big blind $1
franco232315: sits out 
*** HOLE CARDS ***
AlexEliseev7: folds 
Cositorto: folds 
pmeade1977: folds 
poker_soul11: folds 
Uncalled bet ($0.50) returned to LeaveItYeah
LeaveItYeah collected $1 from pot
LeaveItYeah: doesn't show hand 
*** SUMMARY ***
Total pot $1 | Rake $0 
Seat 1: franco232315
Seat 2: Cositorto folded before Flop (didn't bet)
Seat 3: pmeade1977 (button) folded before Flop (didn't bet)
Seat 4: poker_soul11 (small blind) folded before Flop
Seat 5: LeaveItYeah (big blind) collected ($1)
Seat 6: AlexEliseev7 folded before Flop (didn't bet)



PokerStars Hand #254484247646:  Hold'em No Limit ($0.50/$1.00 USD) - 2025/01/21 15:00:33 WET [2025/01/21 10:00:33 ET]
Table 'Telamon IV' 6-max Seat #4 is the button
Seat 1: franco232315 ($100 in chips) is sitting out
Seat 2: Cositorto ($118.03 in chips) 
Seat 3: pmeade1977 ($40.65 in chips) 
Seat 4: poker_soul11 ($102.03 in chips) 
Seat 5: LeaveItYeah ($125.11 in chips) 
Seat 6: AlexEliseev7 ($189.74 in chips) 
LeaveItYeah: posts small blind $0.50
AlexEliseev7: posts big blind $1
franco232315: sits out 
*** HOLE CARDS ***
Cositorto: folds 
pmeade1977: raises $4 to $5
poker_soul11: folds 
LeaveItYeah: folds 
AlexEliseev7: folds 
Uncalled bet ($4) returned to pmeade1977
pmeade1977 collected $2.50 from pot
*** SUMMARY ***
Total pot $2.50 | Rake $0 
Seat 1: franco232315
Seat 2: Cositorto folded before Flop (didn't bet)
Seat 3: pmeade1977 collected ($2.50)
Seat 4: poker_soul11 (button) folded before Flop (didn't bet)
Seat 5: LeaveItYeah (small blind) folded before Flop
Seat 6: AlexEliseev7 (big blind) folded before Flop



PokerStars Hand #254484250027:  Hold'em No Limit ($0.50/$1.00 USD) - 2025/01/21 15:00:48 WET [2025/01/21 10:00:48 ET]
Table 'Telamon IV' 6-max Seat #5 is the button
Seat 1: franco232315 ($100 in chips) 
Seat 2: Cositorto ($118.03 in chips) 
Seat 3: pmeade1977 ($42.15 in chips) 
Seat 4: poker_soul11 ($102.03 in chips) 
Seat 5: LeaveItYeah ($124.61 in chips) 
Seat 6: AlexEliseev7 ($188.74 in chips) 
AlexEliseev7: posts small blind $0.50
franco232315: posts big blind $1
*** HOLE CARDS ***
Cositorto: folds 
pmeade1977: folds 
poker_soul11: folds 
LeaveItYeah: raises $1.50 to $2.50
AlexEliseev7: folds 
franco232315: calls $1.50
*** FLOP *** [Qd Kc 9h]
franco232315: checks 
LeaveItYeah: bets $2.61
franco232315: calls $2.61
*** TURN *** [Qd Kc 9h] [4s]
franco232315: checks 
LeaveItYeah: checks 
*** RIVER *** [Qd Kc 9h 4s] [8c]
franco232315: checks 
LeaveItYeah: checks 
*** SHOW DOWN ***
franco232315: shows [Js Qh] (a pair of Queens)
LeaveItYeah: mucks hand 
franco232315 collected $10.18 from pot
*** SUMMARY ***
Total pot $10.72 | Rake $0.54 
Board [Qd Kc 9h 4s 8c]
Seat 1: franco232315 (big blind) showed [Js Qh] and won ($10.18) with a pair of Queens
Seat 2: Cositorto folded before Flop (didn't bet)
Seat 3: pmeade1977 folded before Flop (didn't bet)
Seat 4: poker_soul11 folded before Flop (didn't bet)
Seat 5: LeaveItYeah (button) mucked
Seat 6: AlexEliseev7 (small blind) folded before Flop



PokerStars Hand #254484260525:  Hold'em No Limit ($0.50/$1.00 USD) - 2025/01/21 15:01:45 WET [2025/01/21 10:01:45 ET]
Table 'Telamon IV' 6-max Seat #6 is the button
Seat 1: franco232315 ($105.07 in chips) 
Seat 2: Cositorto ($118.03 in chips) 
Seat 3: pmeade1977 ($42.15 in chips) 
Seat 4: poker_soul11 ($102.03 in chips) 
Seat 5: LeaveItYeah ($119.50 in chips) 
Seat 6: AlexEliseev7 ($188.24 in chips) 
franco232315: posts small blind $0.50
Cositorto: posts big blind $1
*** HOLE CARDS ***
pmeade1977: folds 
poker_soul11: folds 
LeaveItYeah: folds 
AlexEliseev7: folds 
franco232315: folds 
Uncalled bet ($0.50) returned to Cositorto
Cositorto collected $1 from pot
Cositorto: doesn't show hand 
*** SUMMARY ***
Total pot $1 | Rake $0 
Seat 1: franco232315 (small blind) folded before Flop
Seat 2: Cositorto (big blind) collected ($1)
Seat 3: pmeade1977 folded before Flop (didn't bet)
Seat 4: poker_soul11 folded before Flop (didn't bet)
Seat 5: LeaveItYeah folded before Flop (didn't bet)
Seat 6: AlexEliseev7 (button) folded before Flop (didn't bet)



PokerStars Hand #254484262839:  Hold'em No Limit ($0.50/$1.00 USD) - 2025/01/21 15:01:58 WET [2025/01/21 10:01:58 ET]
Table 'Telamon IV' 6-max Seat #1 is the button
Seat 1: franco232315 ($104.57 in chips) 
Seat 2: Cositorto ($118.53 in chips) 
Seat 3: pmeade1977 ($42.15 in chips) 
Seat 4: poker_soul11 ($102.03 in chips) 
Seat 5: LeaveItYeah ($119.50 in chips) 
Seat 6: AlexEliseev7 ($188.24 in chips) 
Cositorto: posts small blind $0.50
pmeade1977: posts big blind $1
*** HOLE CARDS ***
poker_soul11: folds 
LeaveItYeah: folds 
AlexEliseev7: raises $1.50 to $2.50
franco232315: folds 
Cositorto: folds 
pmeade1977 has timed out
pmeade1977: folds 
Uncalled bet ($1.50) returned to AlexEliseev7
AlexEliseev7 collected $2.50 from pot
AlexEliseev7: doesn't show hand 
pmeade1977 is disconnected 
*** SUMMARY ***
Total pot $2.50 | Rake $0 
Seat 1: franco232315 (button) folded before Flop (didn't bet)
Seat 2: Cositorto (small blind) folded before Flop
Seat 3: pmeade1977 (big blind) folded before Flop
Seat 4: poker_soul11 folded before Flop (didn't bet)
Seat 5: LeaveItYeah folded before Flop (didn't bet)
Seat 6: AlexEliseev7 collected ($2.50)



PokerStars Hand #254484276074:  Hold'em No Limit ($0.50/$1.00 USD) - 2025/01/21 15:03:09 WET [2025/01/21 10:03:09 ET]
Table 'Telamon IV' 6-max Seat #2 is the button
Seat 3: pmeade1977 ($41.15 in chips) is sitting out
Seat 1: franco232315 ($104.57 in chips) 
Seat 2: Cositorto ($118.03 in chips) 
Seat 4: poker_soul11 ($102.03 in chips) 
Seat 5: LeaveItYeah ($119.50 in chips) 
Seat 6: AlexEliseev7 ($189.74 in chips) 
poker_soul11: posts small blind $0.50
LeaveItYeah: posts big blind $1
*** HOLE CARDS ***
AlexEliseev7: folds 
franco232315: raises $1.50 to $2.50
Cositorto: folds 
poker_soul11: folds 
LeaveItYeah: calls $1.50
*** FLOP *** [As 2c 7s]
LeaveItYeah: checks 
franco232315: bets $1.72
LeaveItYeah: calls $1.72
*** TURN *** [As 2c 7s] [Kh]
LeaveItYeah: checks 
franco232315: checks 
*** RIVER *** [As 2c 7s Kh] [7c]
LeaveItYeah: checks 
franco232315: checks 
*** SHOW DOWN ***
LeaveItYeah: shows [2h Ah] (two pair, Aces and Sevens)
franco232315: mucks hand 
LeaveItYeah collected $8.49 from pot
*** SUMMARY ***
Total pot $8.94 | Rake $0.45 
Board [As 2c 7s Kh 7c]
Seat 3: pmeade1977
Seat 1: franco232315 mucked
Seat 2: Cositorto (button) folded before Flop (didn't bet)
Seat 4: poker_soul11 (small blind) folded before Flop
Seat 5: LeaveItYeah (big blind) showed [2h Ah] and won ($8.49) with two pair, Aces and Sevens
Seat 6: AlexEliseev7 folded before Flop (didn't bet)



PokerStars Hand #254484287500:  Hold'em No Limit ($0.50/$1.00 USD) - 2025/01/21 15:04:08 WET [2025/01/21 10:04:08 ET]
Table 'Telamon IV' 6-max Seat #4 is the button
Seat 3: pmeade1977 ($41.15 in chips) is sitting out
Seat 1: franco232315 ($100.35 in chips) 
Seat 2: Cositorto ($118.03 in chips) 
Seat 4: poker_soul11 ($101.53 in chips) 
Seat 5: LeaveItYeah ($123.77 in chips) 
Seat 6: AlexEliseev7 ($189.74 in chips) 
LeaveItYeah: posts small blind $0.50
AlexEliseev7: posts big blind $1
*** HOLE CARDS ***
franco232315: folds 
Cositorto: folds 
poker_soul11: folds 
LeaveItYeah: raises $2 to $3
AlexEliseev7: folds 
Uncalled bet ($2) returned to LeaveItYeah
LeaveItYeah collected $2 from pot
LeaveItYeah: doesn't show hand 
*** SUMMARY ***
Total pot $2 | Rake $0 
Seat 3: pmeade1977
Seat 1: franco232315 folded before Flop (didn't bet)
Seat 2: Cositorto folded before Flop (didn't bet)
Seat 4: poker_soul11 (button) folded before Flop (didn't bet)
Seat 5: LeaveItYeah (small blind) collected ($2)
Seat 6: AlexEliseev7 (big blind) folded before Flop



PokerStars Hand #254484291198:  Hold'em No Limit ($0.50/$1.00 USD) - 2025/01/21 15:04:27 WET [2025/01/21 10:04:27 ET]
Table 'Telamon IV' 6-max Seat #5 is the button
Seat 3: pmeade1977 ($41.15 in chips) is sitting out
Seat 1: franco232315 ($100.35 in chips) 
Seat 2: Cositorto ($118.03 in chips) 
Seat 4: poker_soul11 ($101.53 in chips) 
Seat 5: LeaveItYeah ($124.77 in chips) 
Seat 6: AlexEliseev7 ($188.74 in chips) 
AlexEliseev7: posts small blind $0.50
franco232315: posts big blind $1
*** HOLE CARDS ***
Cositorto: folds 
poker_soul11: folds 
LeaveItYeah: raises $1.50 to $2.50
AlexEliseev7: folds 
franco232315: folds 
Uncalled bet ($1.50) returned to LeaveItYeah
LeaveItYeah collected $2.50 from pot
LeaveItYeah: doesn't show hand 
*** SUMMARY ***
Total pot $2.50 | Rake $0 
Seat 3: pmeade1977
Seat 1: franco232315 (big blind) folded before Flop
Seat 2: Cositorto folded before Flop (didn't bet)
Seat 4: poker_soul11 folded before Flop (didn't bet)
Seat 5: LeaveItYeah (button) collected ($2.50)
Seat 6: AlexEliseev7 (small blind) folded before Flop



PokerStars Hand #254484294614:  Hold'em No Limit ($0.50/$1.00 USD) - 2025/01/21 15:04:45 WET [2025/01/21 10:04:45 ET]
Table 'Telamon IV' 6-max Seat #6 is the button
Seat 3: pmeade1977 ($41.15 in chips) is sitting out
Seat 1: franco232315 ($100 in chips) 
Seat 2: Cositorto ($118.03 in chips) 
Seat 4: poker_soul11 ($101.53 in chips) 
Seat 5: LeaveItYeah ($126.27 in chips) 
Seat 6: AlexEliseev7 ($188.24 in chips) 
franco232315: posts small blind $0.50
Cositorto: posts big blind $1
*** HOLE CARDS ***
poker_soul11: folds 
LeaveItYeah: folds 
AlexEliseev7: folds 
franco232315: raises $2 to $3
Cositorto: calls $2
*** FLOP *** [7h 3d 3s]
franco232315: checks 
Cositorto: bets $1.54
franco232315: calls $1.54
*** TURN *** [7h 3d 3s] [8s]
franco232315: checks 
Cositorto: checks 
*** RIVER *** [7h 3d 3s 8s] [2c]
franco232315: checks 
Cositorto: bets $4.32
franco232315: calls $4.32
*** SHOW DOWN ***
Cositorto: shows [Qc Ts] (a pair of Threes)
franco232315: shows [5h Ac] (a pair of Threes - Ace kicker)
franco232315 collected $16.83 from pot
*** SUMMARY ***
Total pot $17.72 | Rake $0.89 
Board [7h 3d 3s 8s 2c]
Seat 3: pmeade1977
Seat 1: franco232315 (small blind) showed [5h Ac] and won ($16.83) with a pair of Threes
Seat 2: Cositorto (big blind) showed [Qc Ts] and lost with a pair of Threes
Seat 4: poker_soul11 folded before Flop (didn't bet)
Seat 5: LeaveItYeah folded before Flop (didn't bet)
Seat 6: AlexEliseev7 (button) folded before Flop (didn't bet)



PokerStars Hand #254484313214:  Hold'em No Limit ($0.50/$1.00 USD) - 2025/01/21 15:06:23 WET [2025/01/21 10:06:23 ET]
Table 'Telamon IV' 6-max Seat #1 is the button
Seat 3: pmeade1977 ($41.15 in chips) is sitting out
Seat 4: poker_soul11 ($101.53 in chips) is sitting out
Seat 1: franco232315 ($107.97 in chips) 
Seat 2: Cositorto ($109.17 in chips) 
Seat 5: LeaveItYeah ($126.27 in chips) 
Seat 6: AlexEliseev7 ($188.24 in chips) 
Cositorto: posts small blind $0.50
poker_soul11: is sitting out 
LeaveItYeah: posts big blind $1
*** HOLE CARDS ***
AlexEliseev7: folds 
poker_soul11 leaves the table
franco232315: raises $1.50 to $2.50
Cositorto: folds 
LeaveItYeah: raises $10.50 to $13
franco232315: folds 
Uncalled bet ($10.50) returned to LeaveItYeah
LeaveItYeah collected $5.50 from pot
LeaveItYeah: doesn't show hand 
*** SUMMARY ***
Total pot $5.50 | Rake $0 
Seat 3: pmeade1977
Seat 4: poker_soul11
Seat 1: franco232315 (button) folded before Flop
Seat 2: Cositorto (small blind) folded before Flop
Seat 5: LeaveItYeah (big blind) collected ($5.50)
Seat 6: AlexEliseev7 folded before Flop (didn't bet)



PokerStars Hand #254484317112:  Hold'em No Limit ($0.50/$1.00 USD) - 2025/01/21 15:06:43 WET [2025/01/21 10:06:43 ET]
Table 'Telamon IV' 6-max Seat #2 is the button
Seat 3: pmeade1977 ($41.15 in chips) is sitting out
Seat 1: franco232315 ($105.47 in chips) 
Seat 2: Cositorto ($108.67 in chips) 
Seat 5: LeaveItYeah ($129.27 in chips) 
Seat 6: AlexEliseev7 ($188.24 in chips) 
LeaveItYeah: posts small blind $0.50
AlexEliseev7: posts big blind $1
*** HOLE CARDS ***
franco232315: folds 
Cositorto: folds 
LeaveItYeah: raises $2 to $3
AlexEliseev7: folds 
Uncalled bet ($2) returned to LeaveItYeah
LeaveItYeah collected $2 from pot
LeaveItYeah: doesn't show hand 
*** SUMMARY ***
Total pot $2 | Rake $0 
Seat 3: pmeade1977
Seat 1: franco232315 folded before Flop (didn't bet)
Seat 2: Cositorto (button) folded before Flop (didn't bet)
Seat 5: LeaveItYeah (small blind) collected ($2)
Seat 6: AlexEliseev7 (big blind) folded before Flop



PokerStars Hand #254484320927:  Hold'em No Limit ($0.50/$1.00 USD) - 2025/01/21 15:07:03 WET [2025/01/21 10:07:03 ET]
Table 'Telamon IV' 6-max Seat #5 is the button
Seat 1: franco232315 ($105.47 in chips) is sitting out
Seat 3: pmeade1977 ($41.15 in chips) is sitting out
Seat 2: Cositorto ($108.67 in chips) 
Seat 5: LeaveItYeah ($130.27 in chips) 
Seat 6: AlexEliseev7 ($187.24 in chips) 
AlexEliseev7: posts small blind $0.50
franco232315: is sitting out 
franco232315 leaves the table
Cositorto: posts big blind $1
*** HOLE CARDS ***
LeaveItYeah: folds 
AlexEliseev7: raises $2 to $3
Cositorto: calls $2
*** FLOP *** [4h Ad 8s]
Joe_Li7 joins the table at seat #4 
AlexEliseev7: checks 
Cositorto: bets $1.54
AlexEliseev7: folds 
Uncalled bet ($1.54) returned to Cositorto
Cositorto collected $5.70 from pot
Cositorto: doesn't show hand 
*** SUMMARY ***
Total pot $6 | Rake $0.30 
Board [4h Ad 8s]
Seat 1: franco232315
Seat 3: pmeade1977
Seat 2: Cositorto (big blind) collected ($5.70)
Seat 5: LeaveItYeah (button) folded before Flop (didn't bet)
Seat 6: AlexEliseev7 (small blind) folded on the Flop



PokerStars Hand #254484325855:  Hold'em No Limit ($0.50/$1.00 USD) - 2025/01/21 15:07:28 WET [2025/01/21 10:07:28 ET]
Table 'Telamon IV' 6-max Seat #6 is the button
Seat 3: pmeade1977 ($41.15 in chips) is sitting out
Seat 4: Joe_Li7 ($100 in chips) is sitting out
Seat 2: Cositorto ($111.37 in chips) 
Seat 5: LeaveItYeah ($130.27 in chips) 
Seat 6: AlexEliseev7 ($184.24 in chips) 
Cositorto: posts small blind $0.50
LeaveItYeah: posts big blind $1
*** HOLE CARDS ***
AlexEliseev7: folds 
Cositorto: raises $2 to $3
LeaveItYeah: folds 
Uncalled bet ($2) returned to Cositorto
Cositorto collected $2 from pot
Cositorto: doesn't show hand 
*** SUMMARY ***
Total pot $2 | Rake $0 
Seat 3: pmeade1977
Seat 4: Joe_Li7
Seat 2: Cositorto (small blind) collected ($2)
Seat 5: LeaveItYeah (big blind) folded before Flop
Seat 6: AlexEliseev7 (button) folded before Flop (didn't bet)



PokerStars Hand #254484328028:  Hold'em No Limit ($0.50/$1.00 USD) - 2025/01/21 15:07:40 WET [2025/01/21 10:07:40 ET]
Table 'Telamon IV' 6-max Seat #2 is the button
Seat 3: pmeade1977 ($41.15 in chips) is sitting out
Seat 4: Joe_Li7 ($100 in chips) is sitting out
Seat 2: Cositorto ($112.37 in chips) 
Seat 5: LeaveItYeah ($129.27 in chips) 
Seat 6: AlexEliseev7 ($184.24 in chips) 
LeaveItYeah: posts small blind $0.50
AlexEliseev7: posts big blind $1
*** HOLE CARDS ***
Cositorto: raises $1.50 to $2.50
LeaveItYeah: folds 
AlexEliseev7: calls $1.50
*** FLOP *** [5s Ks 8c]
AlexEliseev7: checks 
Cositorto: bets $1.41
AlexEliseev7: folds 
Uncalled bet ($1.41) returned to Cositorto
Cositorto collected $5.22 from pot
Cositorto: doesn't show hand 
*** SUMMARY ***
Total pot $5.50 | Rake $0.28 
Board [5s Ks 8c]
Seat 3: pmeade1977
Seat 4: Joe_Li7
Seat 2: Cositorto (button) collected ($5.22)
Seat 5: LeaveItYeah (small blind) folded before Flop
Seat 6: AlexEliseev7 (big blind) folded on the Flop



PokerStars Hand #254484333011:  Hold'em No Limit ($0.50/$1.00 USD) - 2025/01/21 15:08:07 WET [2025/01/21 10:08:07 ET]
Table 'Telamon IV' 6-max Seat #6 is the button
Seat 2: Cositorto ($115.09 in chips) is sitting out
Seat 3: pmeade1977 ($41.15 in chips) is sitting out
Seat 4: Joe_Li7 ($100 in chips) is sitting out
Seat 5: LeaveItYeah ($128.77 in chips) 
Seat 6: AlexEliseev7 ($181.74 in chips) 
AlexEliseev7: posts small blind $0.50
Cositorto: is sitting out 
LeaveItYeah: posts big blind $1
*** HOLE CARDS ***
AlexEliseev7: folds 
Uncalled bet ($0.50) returned to LeaveItYeah
LeaveItYeah collected $1 from pot
pmeade1977 leaves the table
LeaveItYeah: doesn't show hand 
*** SUMMARY ***
Total pot $1 | Rake $0 
Seat 2: Cositorto
Seat 3: pmeade1977
Seat 4: Joe_Li7
Seat 5: LeaveItYeah (big blind) collected ($1)
Seat 6: AlexEliseev7 (button) (small blind) folded before Flop



PokerStars Hand #254484334839:  Hold'em No Limit ($0.50/$1.00 USD) - 2025/01/21 15:08:16 WET [2025/01/21 10:08:16 ET]
Table 'Telamon IV' 6-max Seat #5 is the button
Seat 2: Cositorto ($115.09 in chips) is sitting out
Seat 4: Joe_Li7 ($100 in chips) is sitting out
Seat 5: LeaveItYeah ($129.27 in chips) 
Seat 6: AlexEliseev7 ($181.24 in chips) 
LeaveItYeah: posts small blind $0.50
AlexEliseev7: posts big blind $1
*** HOLE CARDS ***
LeaveItYeah: raises $1.50 to $2.50
AlexEliseev7: folds 
Uncalled bet ($1.50) returned to LeaveItYeah
LeaveItYeah collected $2 from pot
LeaveItYeah: doesn't show hand 
AlexEliseev7 leaves the table
*** SUMMARY ***
Total pot $2 | Rake $0 
Seat 2: Cositorto
Seat 4: Joe_Li7
Seat 5: LeaveItYeah (button) (small blind) collected ($2)
Seat 6: AlexEliseev7 (big blind) folded before Flop



