PokerStars Hand #254492554599:  Hold'em No Limit ($0.50/$1.00 USD) - 2025/01/21 23:53:17 WET [2025/01/21 18:53:17 ET]
Table 'Deiphobus IV' 6-max Seat #4 is the button
Seat 1: nastja336 ($100 in chips) 
Seat 2: Xenicide ($100 in chips) 
Seat 4: nikalas22 ($100 in chips) 
Seat 6: Dr. Fvinagre ($18.25 in chips) 
Dr. Fvinagre: posts small blind $0.50
nastja336: posts big blind $1
*** HOLE CARDS ***
Xenicide: raises $1 to $2
nikalas22: folds 
Dr. Fvinagre: folds 
nastja336: folds 
Uncalled bet ($1) returned to Xenicide
Xenicide collected $2.50 from pot
*** SUMMARY ***
Total pot $2.50 | Rake $0 
Seat 1: nastja336 (big blind) folded before Flop
Seat 2: Xenicide collected ($2.50)
Seat 4: nikalas22 (button) folded before Flop (didn't bet)
Seat 6: Dr. Fvinagre (small blind) folded before Flop



PokerStars Hand #254492557170:  Hold'em No Limit ($0.50/$1.00 USD) - 2025/01/21 23:53:29 WET [2025/01/21 18:53:29 ET]
Table 'Deiphobus IV' 6-max Seat #6 is the button
Seat 1: nastja336 ($100 in chips) 
Seat 2: Xenicide ($101.50 in chips) 
Seat 4: nikalas22 ($100 in chips) 
Seat 6: Dr. Fvinagre ($17.75 in chips) 
nastja336: posts small blind $0.50
Xenicide: posts big blind $1
*** HOLE CARDS ***
nikalas22: folds 
Dr. Fvinagre: folds 
nastja336: folds 
Uncalled bet ($0.50) returned to Xenicide
Xenicide collected $1 from pot
*** SUMMARY ***
Total pot $1 | Rake $0 
Seat 1: nastja336 (small blind) folded before Flop
Seat 2: Xenicide (big blind) collected ($1)
Seat 4: nikalas22 folded before Flop (didn't bet)
Seat 6: Dr. Fvinagre (button) folded before Flop (didn't bet)



PokerStars Hand #254492560033:  Hold'em No Limit ($0.50/$1.00 USD) - 2025/01/21 23:53:42 WET [2025/01/21 18:53:42 ET]
Table 'Deiphobus IV' 6-max Seat #1 is the button
Seat 1: nastja336 ($100 in chips) 
Seat 2: Xenicide ($102 in chips) 
Seat 4: nikalas22 ($100 in chips) 
Seat 6: Dr. Fvinagre ($17.75 in chips) 
Xenicide: posts small blind $0.50
nikalas22: posts big blind $1
*** HOLE CARDS ***
Dr. Fvinagre: folds 
nastja336: raises $1.50 to $2.50
Xenicide: folds 
nikalas22: raises $9.50 to $12
nastja336: raises $14 to $26
nikalas22: folds 
Uncalled bet ($14) returned to nastja336
nastja336 collected $24.50 from pot
nastja336: doesn't show hand 
*** SUMMARY ***
Total pot $24.50 | Rake $0 
Seat 1: nastja336 (button) collected ($24.50)
Seat 2: Xenicide (small blind) folded before Flop
Seat 4: nikalas22 (big blind) folded before Flop
Seat 6: Dr. Fvinagre folded before Flop (didn't bet)



PokerStars Hand #254492568354:  Hold'em No Limit ($0.50/$1.00 USD) - 2025/01/21 23:54:19 WET [2025/01/21 18:54:19 ET]
Table 'Deiphobus IV' 6-max Seat #2 is the button
Seat 1: nastja336 ($112.50 in chips) 
Seat 2: Xenicide ($101.50 in chips) 
Seat 4: nikalas22 ($100 in chips) 
Seat 6: Dr. Fvinagre ($17.75 in chips) 
nikalas22: posts small blind $0.50
Dr. Fvinagre: posts big blind $1
*** HOLE CARDS ***
nastja336: raises $1.50 to $2.50
itaba joins the table at seat #5 
Xenicide: folds 
nikalas22: folds 
Dr. Fvinagre: folds 
Uncalled bet ($1.50) returned to nastja336
nastja336 collected $2.50 from pot
nastja336: doesn't show hand 
*** SUMMARY ***
Total pot $2.50 | Rake $0 
Seat 1: nastja336 collected ($2.50)
Seat 2: Xenicide (button) folded before Flop (didn't bet)
Seat 4: nikalas22 (small blind) folded before Flop
Seat 6: Dr. Fvinagre (big blind) folded before Flop



PokerStars Hand #254492573208:  Hold'em No Limit ($0.50/$1.00 USD) - 2025/01/21 23:54:41 WET [2025/01/21 18:54:41 ET]
Table 'Deiphobus IV' 6-max Seat #4 is the button
Seat 1: nastja336 ($114 in chips) is sitting out
Seat 5: itaba ($18 in chips) is sitting out
Seat 2: Xenicide ($101.50 in chips) 
Seat 4: nikalas22 ($100 in chips) 
Seat 6: Dr. Fvinagre ($16.75 in chips) 
Dr. Fvinagre: posts small blind $0.50
nastja336: is sitting out 
Xenicide: posts big blind $1
*** HOLE CARDS ***
nastja336 leaves the table
nikalas22: raises $1.50 to $2.50
Dr. Fvinagre: folds 
Xenicide: folds 
Uncalled bet ($1.50) returned to nikalas22
nikalas22 collected $2.50 from pot
nikalas22: doesn't show hand 
*** SUMMARY ***
Total pot $2.50 | Rake $0 
Seat 1: nastja336
Seat 5: itaba
Seat 2: Xenicide (big blind) folded before Flop
Seat 4: nikalas22 (button) collected ($2.50)
Seat 6: Dr. Fvinagre (small blind) folded before Flop



PokerStars Hand #254492577280:  Hold'em No Limit ($0.50/$1.00 USD) - 2025/01/21 23:55:00 WET [2025/01/21 18:55:00 ET]
Table 'Deiphobus IV' 6-max Seat #6 is the button
Seat 5: itaba ($18 in chips) is sitting out
Seat 2: Xenicide ($100.50 in chips) 
Seat 4: nikalas22 ($101.50 in chips) 
Seat 6: Dr. Fvinagre ($16.25 in chips) 
Xenicide: posts small blind $0.50
nikalas22: posts big blind $1
itaba: sits out 
*** HOLE CARDS ***
rrrro joins the table at seat #1 
Dr. Fvinagre: raises $1.50 to $2.50
Xenicide: folds 
nikalas22: folds 
Uncalled bet ($1.50) returned to Dr. Fvinagre
Dr. Fvinagre collected $2.50 from pot
*** SUMMARY ***
Total pot $2.50 | Rake $0 
Seat 5: itaba
Seat 2: Xenicide (small blind) folded before Flop
Seat 4: nikalas22 (big blind) folded before Flop
Seat 6: Dr. Fvinagre (button) collected ($2.50)



PokerStars Hand #254492580031:  Hold'em No Limit ($0.50/$1.00 USD) - 2025/01/21 23:55:15 WET [2025/01/21 18:55:15 ET]
Table 'Deiphobus IV' 6-max Seat #2 is the button
Seat 1: rrrro ($100 in chips) is sitting out
Seat 2: Xenicide ($100 in chips) 
Seat 4: nikalas22 ($100.50 in chips) 
Seat 5: itaba ($18 in chips) 
Seat 6: Dr. Fvinagre ($17.75 in chips) 
nikalas22: posts small blind $0.50
itaba: posts big blind $1
rrrro: sits out 
*** HOLE CARDS ***
Dr. Fvinagre: folds 
Xenicide: raises $1.25 to $2.25
nikalas22: folds 
itaba: folds 
Uncalled bet ($1.25) returned to Xenicide
Xenicide collected $2.50 from pot
*** SUMMARY ***
Total pot $2.50 | Rake $0 
Seat 1: rrrro
Seat 2: Xenicide (button) collected ($2.50)
Seat 4: nikalas22 (small blind) folded before Flop
Seat 5: itaba (big blind) folded before Flop
Seat 6: Dr. Fvinagre folded before Flop (didn't bet)



PokerStars Hand #254492584064:  Hold'em No Limit ($0.50/$1.00 USD) - 2025/01/21 23:55:39 WET [2025/01/21 18:55:39 ET]
Table 'Deiphobus IV' 6-max Seat #4 is the button
Seat 1: rrrro ($100 in chips) is sitting out
Seat 2: Xenicide ($101.50 in chips) 
Seat 4: nikalas22 ($100 in chips) 
Seat 5: itaba ($17 in chips) 
Seat 6: Dr. Fvinagre ($17.75 in chips) 
itaba: posts small blind $0.50
Dr. Fvinagre: posts big blind $1
rrrro: sits out 
*** HOLE CARDS ***
Xenicide: folds 
nikalas22: folds 
Tyron209 joins the table at seat #3 
Tyron209 is disconnected 
itaba: folds 
Uncalled bet ($0.50) returned to Dr. Fvinagre
Dr. Fvinagre collected $1 from pot
*** SUMMARY ***
Total pot $1 | Rake $0 
Seat 1: rrrro
Seat 2: Xenicide folded before Flop (didn't bet)
Seat 4: nikalas22 (button) folded before Flop (didn't bet)
Seat 5: itaba (small blind) folded before Flop
Seat 6: Dr. Fvinagre (big blind) collected ($1)



PokerStars Hand #254492588652:  Hold'em No Limit ($0.50/$1.00 USD) - 2025/01/21 23:56:06 WET [2025/01/21 18:56:06 ET]
Table 'Deiphobus IV' 6-max Seat #5 is the button
Seat 1: rrrro ($100 in chips) 
Seat 2: Xenicide ($101.50 in chips) 
Seat 3: Tyron209 ($47.05 in chips) 
Seat 4: nikalas22 ($100 in chips) 
Seat 5: itaba ($16.50 in chips) 
Seat 6: Dr. Fvinagre ($18.25 in chips) 
Dr. Fvinagre: posts small blind $0.50
rrrro: posts big blind $1
Tyron209: posts big blind $1
*** HOLE CARDS ***
Xenicide: raises $2.50 to $3.50
Tyron209: calls $2.50
nikalas22: folds 
itaba: folds 
Dr. Fvinagre: folds 
rrrro: folds 
*** FLOP *** [4s 8s Tc]
Xenicide: checks 
Tyron209: bets $8
Xenicide: folds 
Uncalled bet ($8) returned to Tyron209
Tyron209 collected $8.08 from pot
*** SUMMARY ***
Total pot $8.50 | Rake $0.42 
Board [4s 8s Tc]
Seat 1: rrrro (big blind) folded before Flop
Seat 2: Xenicide folded on the Flop
Seat 3: Tyron209 collected ($8.08)
Seat 4: nikalas22 folded before Flop (didn't bet)
Seat 5: itaba (button) folded before Flop (didn't bet)
Seat 6: Dr. Fvinagre (small blind) folded before Flop



PokerStars Hand #254492598130:  Hold'em No Limit ($0.50/$1.00 USD) - 2025/01/21 23:57:02 WET [2025/01/21 18:57:02 ET]
Table 'Deiphobus IV' 6-max Seat #6 is the button
Seat 1: rrrro ($100 in chips) 
Seat 2: Xenicide ($100 in chips) 
Seat 3: Tyron209 ($51.63 in chips) 
Seat 4: nikalas22 ($100 in chips) 
Seat 5: itaba ($18.50 in chips) 
Seat 6: Dr. Fvinagre ($17.75 in chips) 
rrrro: posts small blind $0.50
Xenicide: posts big blind $1
*** HOLE CARDS ***
Tyron209: raises $4 to $5
nikalas22: folds 
itaba: folds 
Dr. Fvinagre: folds 
rrrro: folds 
Xenicide: folds 
Uncalled bet ($4) returned to Tyron209
Tyron209 collected $2.50 from pot
*** SUMMARY ***
Total pot $2.50 | Rake $0 
Seat 1: rrrro (small blind) folded before Flop
Seat 2: Xenicide (big blind) folded before Flop
Seat 3: Tyron209 collected ($2.50)
Seat 4: nikalas22 folded before Flop (didn't bet)
Seat 5: itaba folded before Flop (didn't bet)
Seat 6: Dr. Fvinagre (button) folded before Flop (didn't bet)



PokerStars Hand #254492604232:  Hold'em No Limit ($0.50/$1.00 USD) - 2025/01/21 23:57:37 WET [2025/01/21 18:57:37 ET]
Table 'Deiphobus IV' 6-max Seat #1 is the button
Seat 1: rrrro ($100 in chips) 
Seat 2: Xenicide ($100 in chips) 
Seat 3: Tyron209 ($53.13 in chips) 
Seat 4: nikalas22 ($100 in chips) 
Seat 5: itaba ($18.50 in chips) 
Seat 6: Dr. Fvinagre ($17.75 in chips) 
Xenicide: posts small blind $0.50
Tyron209: posts big blind $1
*** HOLE CARDS ***
nikalas22: folds 
itaba: folds 
Dr. Fvinagre: folds 
rrrro: raises $1.50 to $2.50
Xenicide: folds 
Tyron209: calls $1.50
*** FLOP *** [8s 4c Jh]
Tyron209: checks 
rrrro: bets $1.30
Tyron209: calls $1.30
*** TURN *** [8s 4c Jh] [4s]
Tyron209: checks 
rrrro: checks 
*** RIVER *** [8s 4c Jh 4s] [3s]
Tyron209: bets $4
rrrro: folds 
Uncalled bet ($4) returned to Tyron209
Tyron209 collected $7.70 from pot
*** SUMMARY ***
Total pot $8.10 | Rake $0.40 
Board [8s 4c Jh 4s 3s]
Seat 1: rrrro (button) folded on the River
Seat 2: Xenicide (small blind) folded before Flop
Seat 3: Tyron209 (big blind) collected ($7.70)
Seat 4: nikalas22 folded before Flop (didn't bet)
Seat 5: itaba folded before Flop (didn't bet)
Seat 6: Dr. Fvinagre folded before Flop (didn't bet)



PokerStars Hand #254492615079:  Hold'em No Limit ($0.50/$1.00 USD) - 2025/01/21 23:58:41 WET [2025/01/21 18:58:41 ET]
Table 'Deiphobus IV' 6-max Seat #2 is the button
Seat 1: rrrro ($100 in chips) 
Seat 2: Xenicide ($100 in chips) 
Seat 3: Tyron209 ($57.03 in chips) 
Seat 4: nikalas22 ($100 in chips) 
Seat 5: itaba ($18.50 in chips) 
Seat 6: Dr. Fvinagre ($17.75 in chips) 
Tyron209: posts small blind $0.50
nikalas22: posts big blind $1
*** HOLE CARDS ***
itaba: raises $1 to $2
Dr. Fvinagre: folds 
rrrro: folds 
Xenicide: folds 
Tyron209: folds 
nikalas22: folds 
Uncalled bet ($1) returned to itaba
itaba collected $2.50 from pot
itaba: doesn't show hand 
*** SUMMARY ***
Total pot $2.50 | Rake $0 
Seat 1: rrrro folded before Flop (didn't bet)
Seat 2: Xenicide (button) folded before Flop (didn't bet)
Seat 3: Tyron209 (small blind) folded before Flop
Seat 4: nikalas22 (big blind) folded before Flop
Seat 5: itaba collected ($2.50)
Seat 6: Dr. Fvinagre folded before Flop (didn't bet)



PokerStars Hand #254492620917:  Hold'em No Limit ($0.50/$1.00 USD) - 2025/01/21 23:59:14 WET [2025/01/21 18:59:14 ET]
Table 'Deiphobus IV' 6-max Seat #3 is the button
Seat 1: rrrro ($100 in chips) 
Seat 2: Xenicide ($100 in chips) 
Seat 3: Tyron209 ($56.53 in chips) 
Seat 4: nikalas22 ($100 in chips) 
Seat 5: itaba ($20 in chips) 
Seat 6: Dr. Fvinagre ($17.75 in chips) 
nikalas22: posts small blind $0.50
itaba: posts big blind $1
*** HOLE CARDS ***
Dr. Fvinagre: folds 
rrrro: folds 
Xenicide: raises $1 to $2
Tyron209: folds 
nikalas22: folds 
itaba: calls $1
*** FLOP *** [7d 6h Ac]
itaba: checks 
Xenicide: bets $1.07
itaba: raises $3.07 to $4.14
Xenicide: calls $3.07
*** TURN *** [7d 6h Ac] [Qh]
itaba: checks 
Xenicide: bets $93.86 and is all-in
Tyron209 leaves the table
itaba: folds 
Uncalled bet ($93.86) returned to Xenicide
Xenicide collected $12.14 from pot
*** SUMMARY ***
Total pot $12.78 | Rake $0.64 
Board [7d 6h Ac Qh]
Seat 1: rrrro folded before Flop (didn't bet)
Seat 2: Xenicide collected ($12.14)
Seat 3: Tyron209 (button) folded before Flop (didn't bet)
Seat 4: nikalas22 (small blind) folded before Flop
Seat 5: itaba (big blind) folded on the Turn
Seat 6: Dr. Fvinagre folded before Flop (didn't bet)



PokerStars Hand #254492645890:  Hold'em No Limit ($0.50/$1.00 USD) - 2025/01/21 0:01:28 WET [2025/01/21 19:01:28 ET]
Table 'Deiphobus IV' 6-max Seat #4 is the button
Seat 1: rrrro ($100 in chips) 
Seat 2: Xenicide ($106 in chips) 
Seat 4: nikalas22 ($100 in chips) 
Seat 5: itaba ($13.86 in chips) 
Seat 6: Dr. Fvinagre ($17.75 in chips) 
itaba: posts small blind $0.50
Dr. Fvinagre: posts big blind $1
*** HOLE CARDS ***
rrrro: folds 
Xenicide: folds 
nikalas22: raises $1.50 to $2.50
itaba: folds 
Dr. Fvinagre: folds 
Uncalled bet ($1.50) returned to nikalas22
nikalas22 collected $2.50 from pot
nikalas22: doesn't show hand 
*** SUMMARY ***
Total pot $2.50 | Rake $0 
Seat 1: rrrro folded before Flop (didn't bet)
Seat 2: Xenicide folded before Flop (didn't bet)
Seat 4: nikalas22 (button) collected ($2.50)
Seat 5: itaba (small blind) folded before Flop
Seat 6: Dr. Fvinagre (big blind) folded before Flop



PokerStars Hand #254492654192:  Hold'em No Limit ($0.50/$1.00 USD) - 2025/01/21 0:02:07 WET [2025/01/21 19:02:07 ET]
Table 'Deiphobus IV' 6-max Seat #5 is the button
Seat 1: rrrro ($100 in chips) 
Seat 2: Xenicide ($106 in chips) 
Seat 4: nikalas22 ($101.50 in chips) 
Seat 5: itaba ($18.36 in chips) 
Seat 6: Dr. Fvinagre ($16.75 in chips) 
Dr. Fvinagre: posts small blind $0.50
rrrro: posts big blind $1
*** HOLE CARDS ***
Xenicide: raises $1 to $2
nikalas22: folds 
itaba: folds 
nikalas22 leaves the table
Dr. Fvinagre: folds 
rrrro: raises $10 to $12
Xenicide: folds 
Uncalled bet ($10) returned to rrrro
rrrro collected $4.50 from pot
rrrro: doesn't show hand 
*** SUMMARY ***
Total pot $4.50 | Rake $0 
Seat 1: rrrro (big blind) collected ($4.50)
Seat 2: Xenicide folded before Flop
Seat 4: nikalas22 folded before Flop (didn't bet)
Seat 5: itaba (button) folded before Flop (didn't bet)
Seat 6: Dr. Fvinagre (small blind) folded before Flop



PokerStars Hand #254492661724:  Hold'em No Limit ($0.50/$1.00 USD) - 2025/01/21 0:02:42 WET [2025/01/21 19:02:42 ET]
Table 'Deiphobus IV' 6-max Seat #6 is the button
Seat 1: rrrro ($102.50 in chips) 
Seat 2: Xenicide ($104 in chips) 
Seat 5: itaba ($18.36 in chips) 
Seat 6: Dr. Fvinagre ($16.25 in chips) 
rrrro: posts small blind $0.50
Xenicide: posts big blind $1
*** HOLE CARDS ***
itaba: folds 
LeaveItYeah joins the table at seat #3 
Espada Fish joins the table at seat #4 
Dr. Fvinagre: raises $1.50 to $2.50
rrrro: folds 
Xenicide: calls $1.50
*** FLOP *** [Ad Ac 7c]
Xenicide: checks 
Dr. Fvinagre: bets $1
Xenicide: folds 
Uncalled bet ($1) returned to Dr. Fvinagre
Dr. Fvinagre collected $5.22 from pot
*** SUMMARY ***
Total pot $5.50 | Rake $0.28 
Board [Ad Ac 7c]
Seat 1: rrrro (small blind) folded before Flop
Seat 2: Xenicide (big blind) folded on the Flop
Seat 5: itaba folded before Flop (didn't bet)
Seat 6: Dr. Fvinagre (button) collected ($5.22)



PokerStars Hand #254492670332:  Hold'em No Limit ($0.50/$1.00 USD) - 2025/01/21 0:03:22 WET [2025/01/21 19:03:22 ET]
Table 'Deiphobus IV' 6-max Seat #1 is the button
Seat 4: Espada Fish ($100 in chips) is sitting out
Seat 1: rrrro ($102 in chips) 
Seat 2: Xenicide ($101.50 in chips) 
Seat 3: LeaveItYeah ($100 in chips) 
Seat 5: itaba ($18.36 in chips) 
Seat 6: Dr. Fvinagre ($18.97 in chips) 
Xenicide: posts small blind $0.50
LeaveItYeah: posts big blind $1
Espada Fish: sits out 
*** HOLE CARDS ***
itaba: folds 
Dr. Fvinagre: raises $1.50 to $2.50
rrrro: folds 
Xenicide: folds 
LeaveItYeah: folds 
Uncalled bet ($1.50) returned to Dr. Fvinagre
Dr. Fvinagre collected $2.50 from pot
*** SUMMARY ***
Total pot $2.50 | Rake $0 
Seat 4: Espada Fish
Seat 1: rrrro (button) folded before Flop (didn't bet)
Seat 2: Xenicide (small blind) folded before Flop
Seat 3: LeaveItYeah (big blind) folded before Flop
Seat 5: itaba folded before Flop (didn't bet)
Seat 6: Dr. Fvinagre collected ($2.50)



PokerStars Hand #254492675732:  Hold'em No Limit ($0.50/$1.00 USD) - 2025/01/21 0:03:47 WET [2025/01/21 19:03:47 ET]
Table 'Deiphobus IV' 6-max Seat #2 is the button
Seat 1: rrrro ($102 in chips) 
Seat 2: Xenicide ($101 in chips) 
Seat 3: LeaveItYeah ($100 in chips) 
Seat 4: Espada Fish ($100 in chips) 
Seat 5: itaba ($18.36 in chips) 
Seat 6: Dr. Fvinagre ($20.47 in chips) 
LeaveItYeah: posts small blind $0.50
Espada Fish: posts big blind $1
*** HOLE CARDS ***
itaba: folds 
itaba leaves the table
Dr. Fvinagre: raises $1.50 to $2.50
rrrro: folds 
Xenicide: folds 
LeaveItYeah: folds 
Espada Fish: folds 
Uncalled bet ($1.50) returned to Dr. Fvinagre
Dr. Fvinagre collected $2.50 from pot
*** SUMMARY ***
Total pot $2.50 | Rake $0 
Seat 1: rrrro folded before Flop (didn't bet)
Seat 2: Xenicide (button) folded before Flop (didn't bet)
Seat 3: LeaveItYeah (small blind) folded before Flop
Seat 4: Espada Fish (big blind) folded before Flop
Seat 5: itaba folded before Flop (didn't bet)
Seat 6: Dr. Fvinagre collected ($2.50)



PokerStars Hand #254492679092:  Hold'em No Limit ($0.50/$1.00 USD) - 2025/01/21 0:04:03 WET [2025/01/21 19:04:03 ET]
Table 'Deiphobus IV' 6-max Seat #3 is the button
Seat 1: rrrro ($102 in chips) 
Seat 2: Xenicide ($101 in chips) 
Seat 3: LeaveItYeah ($100 in chips) 
Seat 4: Espada Fish ($100 in chips) 
Seat 6: Dr. Fvinagre ($21.97 in chips) 
Espada Fish: posts small blind $0.50
Dr. Fvinagre: posts big blind $1
*** HOLE CARDS ***
rrrro: folds 
Xenicide: folds 
LeaveItYeah: raises $1.50 to $2.50
Espada Fish: folds 
Dr. Fvinagre: folds 
Uncalled bet ($1.50) returned to LeaveItYeah
LeaveItYeah collected $2.50 from pot
LeaveItYeah: doesn't show hand 
*** SUMMARY ***
Total pot $2.50 | Rake $0 
Seat 1: rrrro folded before Flop (didn't bet)
Seat 2: Xenicide folded before Flop (didn't bet)
Seat 3: LeaveItYeah (button) collected ($2.50)
Seat 4: Espada Fish (small blind) folded before Flop
Seat 6: Dr. Fvinagre (big blind) folded before Flop



PokerStars Hand #254492683484:  Hold'em No Limit ($0.50/$1.00 USD) - 2025/01/21 0:04:23 WET [2025/01/21 19:04:23 ET]
Table 'Deiphobus IV' 6-max Seat #4 is the button
Seat 1: rrrro ($102 in chips) 
Seat 2: Xenicide ($101 in chips) 
Seat 3: LeaveItYeah ($101.50 in chips) 
Seat 4: Espada Fish ($100 in chips) 
Seat 6: Dr. Fvinagre ($20.97 in chips) 
Dr. Fvinagre: posts small blind $0.50
rrrro: posts big blind $1
*** HOLE CARDS ***
Xenicide: folds 
LeaveItYeah: folds 
Espada Fish: raises $1.50 to $2.50
Dr. Fvinagre: folds 
rrrro: raises $10.50 to $13
Espada Fish: folds 
Uncalled bet ($10.50) returned to rrrro
rrrro collected $5.50 from pot
rrrro: doesn't show hand 
*** SUMMARY ***
Total pot $5.50 | Rake $0 
Seat 1: rrrro (big blind) collected ($5.50)
Seat 2: Xenicide folded before Flop (didn't bet)
Seat 3: LeaveItYeah folded before Flop (didn't bet)
Seat 4: Espada Fish (button) folded before Flop
Seat 6: Dr. Fvinagre (small blind) folded before Flop



PokerStars Hand #254492688340:  Hold'em No Limit ($0.50/$1.00 USD) - 2025/01/21 0:04:46 WET [2025/01/21 19:04:46 ET]
Table 'Deiphobus IV' 6-max Seat #6 is the button
Seat 1: rrrro ($105 in chips) 
Seat 2: Xenicide ($101 in chips) 
Seat 3: LeaveItYeah ($101.50 in chips) 
Seat 4: Espada Fish ($100 in chips) 
Seat 6: Dr. Fvinagre ($20.47 in chips) 
rrrro: posts small blind $0.50
Xenicide: posts big blind $1
*** HOLE CARDS ***
LeaveItYeah: folds 
Espada Fish: folds 
Dr. Fvinagre: folds 
rrrro: raises $2 to $3
Xenicide: calls $2
*** FLOP *** [7d 4d 9d]
rrrro: checks 
Xenicide: bets $1.43
rrrro: folds 
Uncalled bet ($1.43) returned to Xenicide
Xenicide collected $5.70 from pot
*** SUMMARY ***
Total pot $6 | Rake $0.30 
Board [7d 4d 9d]
Seat 1: rrrro (small blind) folded on the Flop
Seat 2: Xenicide (big blind) collected ($5.70)
Seat 3: LeaveItYeah folded before Flop (didn't bet)
Seat 4: Espada Fish folded before Flop (didn't bet)
Seat 6: Dr. Fvinagre (button) folded before Flop (didn't bet)



PokerStars Hand #254492696798:  Hold'em No Limit ($0.50/$1.00 USD) - 2025/01/21 0:05:25 WET [2025/01/21 19:05:25 ET]
Table 'Deiphobus IV' 6-max Seat #1 is the button
Seat 1: rrrro ($102 in chips) 
Seat 2: Xenicide ($103.70 in chips) 
Seat 3: LeaveItYeah ($101.50 in chips) 
Seat 4: Espada Fish ($100 in chips) 
Seat 6: Dr. Fvinagre ($20.47 in chips) 
Xenicide: posts small blind $0.50
LeaveItYeah: posts big blind $1
*** HOLE CARDS ***
Espada Fish: folds 
jujupipa27 joins the table at seat #5 
Espada Fish leaves the table
jujupipa27 is disconnected 
Dr. Fvinagre: raises $1.50 to $2.50
rrrro: folds 
Xenicide: folds 
LeaveItYeah: folds 
Uncalled bet ($1.50) returned to Dr. Fvinagre
Dr. Fvinagre collected $2.50 from pot
*** SUMMARY ***
Total pot $2.50 | Rake $0 
Seat 1: rrrro (button) folded before Flop (didn't bet)
Seat 2: Xenicide (small blind) folded before Flop
Seat 3: LeaveItYeah (big blind) folded before Flop
Seat 4: Espada Fish folded before Flop (didn't bet)
Seat 6: Dr. Fvinagre collected ($2.50)



PokerStars Hand #254492700919:  Hold'em No Limit ($0.50/$1.00 USD) - 2025/01/21 0:05:44 WET [2025/01/21 19:05:44 ET]
Table 'Deiphobus IV' 6-max Seat #2 is the button
Seat 1: rrrro ($102 in chips) 
Seat 2: Xenicide ($103.20 in chips) 
Seat 3: LeaveItYeah ($100.50 in chips) 
Seat 5: jujupipa27 ($15.77 in chips) 
Seat 6: Dr. Fvinagre ($21.97 in chips) 
LeaveItYeah: posts small blind $0.50
jujupipa27: posts big blind $1
*** HOLE CARDS ***
Dr. Fvinagre: raises $1.50 to $2.50
rrrro: folds 
Xenicide: folds 
LeaveItYeah: folds 
jujupipa27: folds 
Uncalled bet ($1.50) returned to Dr. Fvinagre
Dr. Fvinagre collected $2.50 from pot
*** SUMMARY ***
Total pot $2.50 | Rake $0 
Seat 1: rrrro folded before Flop (didn't bet)
Seat 2: Xenicide (button) folded before Flop (didn't bet)
Seat 3: LeaveItYeah (small blind) folded before Flop
Seat 5: jujupipa27 (big blind) folded before Flop
Seat 6: Dr. Fvinagre collected ($2.50)



PokerStars Hand #254492706520:  Hold'em No Limit ($0.50/$1.00 USD) - 2025/01/21 0:06:11 WET [2025/01/21 19:06:11 ET]
Table 'Deiphobus IV' 6-max Seat #3 is the button
Seat 1: rrrro ($102 in chips) 
Seat 2: Xenicide ($103.20 in chips) 
Seat 3: LeaveItYeah ($100 in chips) 
Seat 5: jujupipa27 ($14.77 in chips) 
Seat 6: Dr. Fvinagre ($23.47 in chips) 
jujupipa27: posts small blind $0.50
Dr. Fvinagre: posts big blind $1
*** HOLE CARDS ***
rrrro: folds 
Xenicide: folds 
LeaveItYeah: raises $1.50 to $2.50
jujupipa27: folds 
Dr. Fvinagre: folds 
Uncalled bet ($1.50) returned to LeaveItYeah
LeaveItYeah collected $2.50 from pot
LeaveItYeah: doesn't show hand 
*** SUMMARY ***
Total pot $2.50 | Rake $0 
Seat 1: rrrro folded before Flop (didn't bet)
Seat 2: Xenicide folded before Flop (didn't bet)
Seat 3: LeaveItYeah (button) collected ($2.50)
Seat 5: jujupipa27 (small blind) folded before Flop
Seat 6: Dr. Fvinagre (big blind) folded before Flop



PokerStars Hand #254492713026:  Hold'em No Limit ($0.50/$1.00 USD) - 2025/01/21 0:06:41 WET [2025/01/21 19:06:41 ET]
Table 'Deiphobus IV' 6-max Seat #5 is the button
Seat 1: rrrro ($102 in chips) 
Seat 2: Xenicide ($103.20 in chips) 
Seat 3: LeaveItYeah ($101.50 in chips) 
Seat 5: jujupipa27 ($14.27 in chips) 
Seat 6: Dr. Fvinagre ($22.47 in chips) 
Dr. Fvinagre: posts small blind $0.50
rrrro: posts big blind $1
*** HOLE CARDS ***
Xenicide: raises $1 to $2
LeaveItYeah: folds 
jujupipa27: folds 
Dr. Fvinagre: folds 
rrrro: folds 
Uncalled bet ($1) returned to Xenicide
Xenicide collected $2.50 from pot
Xenicide: doesn't show hand 
*** SUMMARY ***
Total pot $2.50 | Rake $0 
Seat 1: rrrro (big blind) folded before Flop
Seat 2: Xenicide collected ($2.50)
Seat 3: LeaveItYeah folded before Flop (didn't bet)
Seat 5: jujupipa27 (button) folded before Flop (didn't bet)
Seat 6: Dr. Fvinagre (small blind) folded before Flop



PokerStars Hand #254492719736:  Hold'em No Limit ($0.50/$1.00 USD) - 2025/01/21 0:07:12 WET [2025/01/21 19:07:12 ET]
Table 'Deiphobus IV' 6-max Seat #6 is the button
Seat 1: rrrro ($101 in chips) 
Seat 2: Xenicide ($104.70 in chips) 
Seat 3: LeaveItYeah ($101.50 in chips) 
Seat 5: jujupipa27 ($14.27 in chips) 
Seat 6: Dr. Fvinagre ($21.97 in chips) 
rrrro: posts small blind $0.50
Xenicide: posts big blind $1
*** HOLE CARDS ***
LeaveItYeah: folds 
jujupipa27: folds 
Dr. Fvinagre: folds 
rrrro: folds 
Uncalled bet ($0.50) returned to Xenicide
Xenicide collected $1 from pot
*** SUMMARY ***
Total pot $1 | Rake $0 
Seat 1: rrrro (small blind) folded before Flop
Seat 2: Xenicide (big blind) collected ($1)
Seat 3: LeaveItYeah folded before Flop (didn't bet)
Seat 5: jujupipa27 folded before Flop (didn't bet)
Seat 6: Dr. Fvinagre (button) folded before Flop (didn't bet)



PokerStars Hand #254492723163:  Hold'em No Limit ($0.50/$1.00 USD) - 2025/01/21 0:07:28 WET [2025/01/21 19:07:28 ET]
Table 'Deiphobus IV' 6-max Seat #1 is the button
Seat 1: rrrro ($100.50 in chips) 
Seat 2: Xenicide ($105.20 in chips) 
Seat 3: LeaveItYeah ($101.50 in chips) 
Seat 5: jujupipa27 ($14.27 in chips) 
Seat 6: Dr. Fvinagre ($21.97 in chips) 
Xenicide: posts small blind $0.50
LeaveItYeah: posts big blind $1
*** HOLE CARDS ***
jujupipa27: folds 
Dr. Fvinagre: folds 
rrrro: folds 
Xenicide: raises $2.50 to $3.50
LeaveItYeah: calls $2.50
*** FLOP *** [Ts 7h 8d]
Xenicide: checks 
LeaveItYeah: bets $3.33
Xenicide: calls $3.33
*** TURN *** [Ts 7h 8d] [2s]
Xenicide: checks 
LeaveItYeah: checks 
*** RIVER *** [Ts 7h 8d 2s] [5d]
Xenicide: checks 
LeaveItYeah: bets $13
Xenicide: calls $13
*** SHOW DOWN ***
LeaveItYeah: shows [9h Kh] (high card King)
Xenicide: shows [As 8h] (a pair of Eights)
Xenicide collected $37.68 from pot
*** SUMMARY ***
Total pot $39.66 | Rake $1.98 
Board [Ts 7h 8d 2s 5d]
Seat 1: rrrro (button) folded before Flop (didn't bet)
Seat 2: Xenicide (small blind) showed [As 8h] and won ($37.68) with a pair of Eights
Seat 3: LeaveItYeah (big blind) showed [9h Kh] and lost with high card King
Seat 5: jujupipa27 folded before Flop (didn't bet)
Seat 6: Dr. Fvinagre folded before Flop (didn't bet)



PokerStars Hand #254492744553:  Hold'em No Limit ($0.50/$1.00 USD) - 2025/01/21 0:09:08 WET [2025/01/21 19:09:08 ET]
Table 'Deiphobus IV' 6-max Seat #2 is the button
Seat 1: rrrro ($100.50 in chips) 
Seat 2: Xenicide ($123.05 in chips) 
Seat 3: LeaveItYeah ($100 in chips) 
Seat 5: jujupipa27 ($14.27 in chips) 
Seat 6: Dr. Fvinagre ($21.97 in chips) 
LeaveItYeah: posts small blind $0.50
jujupipa27: posts big blind $1
*** HOLE CARDS ***
Dr. Fvinagre: folds 
rrrro: folds 
Xenicide: folds 
LeaveItYeah: raises $99 to $100 and is all-in
jujupipa27: folds 
Uncalled bet ($99) returned to LeaveItYeah
LeaveItYeah collected $2 from pot
LeaveItYeah: doesn't show hand 
*** SUMMARY ***
Total pot $2 | Rake $0 
Seat 1: rrrro folded before Flop (didn't bet)
Seat 2: Xenicide (button) folded before Flop (didn't bet)
Seat 3: LeaveItYeah (small blind) collected ($2)
Seat 5: jujupipa27 (big blind) folded before Flop
Seat 6: Dr. Fvinagre folded before Flop (didn't bet)



PokerStars Hand #254492749491:  Hold'em No Limit ($0.50/$1.00 USD) - 2025/01/21 0:09:31 WET [2025/01/21 19:09:31 ET]
Table 'Deiphobus IV' 6-max Seat #3 is the button
Seat 1: rrrro ($100.50 in chips) 
Seat 2: Xenicide ($123.05 in chips) 
Seat 3: LeaveItYeah ($101 in chips) 
Seat 5: jujupipa27 ($13.27 in chips) 
Seat 6: Dr. Fvinagre ($21.97 in chips) 
jujupipa27: posts small blind $0.50
Dr. Fvinagre: posts big blind $1
*** HOLE CARDS ***
rrrro: folds 
Xenicide: folds 
LeaveItYeah: folds 
jujupipa27: calls $0.50
Dr. Fvinagre: checks 
*** FLOP *** [Ad 6s 8h]
jujupipa27: checks 
Dr. Fvinagre: bets $1
jujupipa27: folds 
Uncalled bet ($1) returned to Dr. Fvinagre
Dr. Fvinagre collected $1.90 from pot
*** SUMMARY ***
Total pot $2 | Rake $0.10 
Board [Ad 6s 8h]
Seat 1: rrrro folded before Flop (didn't bet)
Seat 2: Xenicide folded before Flop (didn't bet)
Seat 3: LeaveItYeah (button) folded before Flop (didn't bet)
Seat 5: jujupipa27 (small blind) folded on the Flop
Seat 6: Dr. Fvinagre (big blind) collected ($1.90)



PokerStars Hand #254492757274:  Hold'em No Limit ($0.50/$1.00 USD) - 2025/01/21 0:10:07 WET [2025/01/21 19:10:07 ET]
Table 'Deiphobus IV' 6-max Seat #5 is the button
Seat 1: rrrro ($100.50 in chips) 
Seat 2: Xenicide ($123.05 in chips) 
Seat 3: LeaveItYeah ($101 in chips) 
Seat 5: jujupipa27 ($12.27 in chips) 
Seat 6: Dr. Fvinagre ($22.87 in chips) 
Dr. Fvinagre: posts small blind $0.50
rrrro: posts big blind $1
*** HOLE CARDS ***
Xenicide: folds 
LeaveItYeah: raises $1.25 to $2.25
jujupipa27: folds 
Dr. Fvinagre: folds 
rrrro: folds 
Uncalled bet ($1.25) returned to LeaveItYeah
LeaveItYeah collected $2.50 from pot
LeaveItYeah: doesn't show hand 
*** SUMMARY ***
Total pot $2.50 | Rake $0 
Seat 1: rrrro (big blind) folded before Flop
Seat 2: Xenicide folded before Flop (didn't bet)
Seat 3: LeaveItYeah collected ($2.50)
Seat 5: jujupipa27 (button) folded before Flop (didn't bet)
Seat 6: Dr. Fvinagre (small blind) folded before Flop



PokerStars Hand #254492761442:  Hold'em No Limit ($0.50/$1.00 USD) - 2025/01/21 0:10:28 WET [2025/01/21 19:10:28 ET]
Table 'Deiphobus IV' 6-max Seat #6 is the button
Seat 1: rrrro ($100 in chips) 
Seat 2: Xenicide ($123.05 in chips) 
Seat 3: LeaveItYeah ($102.50 in chips) 
Seat 5: jujupipa27 ($12.27 in chips) 
Seat 6: Dr. Fvinagre ($22.37 in chips) 
rrrro: posts small blind $0.50
Xenicide: posts big blind $1
*** HOLE CARDS ***
LeaveItYeah: folds 
ptolejmus joins the table at seat #4 
jujupipa27: folds 
Dr. Fvinagre: folds 
rrrro: folds 
Uncalled bet ($0.50) returned to Xenicide
Xenicide collected $1 from pot
*** SUMMARY ***
Total pot $1 | Rake $0 
Seat 1: rrrro (small blind) folded before Flop
Seat 2: Xenicide (big blind) collected ($1)
Seat 3: LeaveItYeah folded before Flop (didn't bet)
Seat 5: jujupipa27 folded before Flop (didn't bet)
Seat 6: Dr. Fvinagre (button) folded before Flop (didn't bet)



PokerStars Hand #254492768931:  Hold'em No Limit ($0.50/$1.00 USD) - 2025/01/21 0:11:03 WET [2025/01/21 19:11:03 ET]
Table 'Deiphobus IV' 6-max Seat #1 is the button
Seat 4: ptolejmus ($10 in chips) is sitting out
Seat 1: rrrro ($100 in chips) 
Seat 2: Xenicide ($123.55 in chips) 
Seat 3: LeaveItYeah ($102.50 in chips) 
Seat 5: jujupipa27 ($12.27 in chips) 
Seat 6: Dr. Fvinagre ($22.37 in chips) 
Xenicide: posts small blind $0.50
LeaveItYeah: posts big blind $1
ptolejmus: sits out 
*** HOLE CARDS ***
jujupipa27: folds 
Dr. Fvinagre: folds 
rrrro: raises $1.50 to $2.50
Xenicide: folds 
LeaveItYeah: folds 
Uncalled bet ($1.50) returned to rrrro
rrrro collected $2.50 from pot
rrrro: doesn't show hand 
*** SUMMARY ***
Total pot $2.50 | Rake $0 
Seat 4: ptolejmus
Seat 1: rrrro (button) collected ($2.50)
Seat 2: Xenicide (small blind) folded before Flop
Seat 3: LeaveItYeah (big blind) folded before Flop
Seat 5: jujupipa27 folded before Flop (didn't bet)
Seat 6: Dr. Fvinagre folded before Flop (didn't bet)



PokerStars Hand #254492772728:  Hold'em No Limit ($0.50/$1.00 USD) - 2025/01/21 0:11:20 WET [2025/01/21 19:11:20 ET]
Table 'Deiphobus IV' 6-max Seat #2 is the button
Seat 1: rrrro ($101.50 in chips) 
Seat 2: Xenicide ($123.05 in chips) 
Seat 3: LeaveItYeah ($101.50 in chips) 
Seat 4: ptolejmus ($10 in chips) 
Seat 5: jujupipa27 ($12.27 in chips) 
Seat 6: Dr. Fvinagre ($22.37 in chips) 
LeaveItYeah: posts small blind $0.50
ptolejmus: posts big blind $1
*** HOLE CARDS ***
jujupipa27: raises $11.27 to $12.27 and is all-in
Dr. Fvinagre: folds 
rrrro: folds 
Xenicide: folds 
LeaveItYeah: folds 
ptolejmus: folds 
Uncalled bet ($11.27) returned to jujupipa27
jujupipa27 collected $2.50 from pot
*** SUMMARY ***
Total pot $2.50 | Rake $0 
Seat 1: rrrro folded before Flop (didn't bet)
Seat 2: Xenicide (button) folded before Flop (didn't bet)
Seat 3: LeaveItYeah (small blind) folded before Flop
Seat 4: ptolejmus (big blind) folded before Flop
Seat 5: jujupipa27 collected ($2.50)
Seat 6: Dr. Fvinagre folded before Flop (didn't bet)



PokerStars Hand #254492776421:  Hold'em No Limit ($0.50/$1.00 USD) - 2025/01/21 0:11:38 WET [2025/01/21 19:11:38 ET]
Table 'Deiphobus IV' 6-max Seat #3 is the button
Seat 1: rrrro ($101.50 in chips) 
Seat 2: Xenicide ($123.05 in chips) 
Seat 3: LeaveItYeah ($101 in chips) 
Seat 4: ptolejmus ($10 in chips) 
Seat 5: jujupipa27 ($13.77 in chips) 
Seat 6: Dr. Fvinagre ($22.37 in chips) 
ptolejmus: posts small blind $0.50
jujupipa27: posts big blind $1
*** HOLE CARDS ***
Dr. Fvinagre: folds 
rrrro: folds 
Xenicide: raises $1 to $2
LeaveItYeah: folds 
ptolejmus: folds 
jujupipa27: folds 
Uncalled bet ($1) returned to Xenicide
Xenicide collected $2.50 from pot
*** SUMMARY ***
Total pot $2.50 | Rake $0 
Seat 1: rrrro folded before Flop (didn't bet)
Seat 2: Xenicide collected ($2.50)
Seat 3: LeaveItYeah (button) folded before Flop (didn't bet)
Seat 4: ptolejmus (small blind) folded before Flop
Seat 5: jujupipa27 (big blind) folded before Flop
Seat 6: Dr. Fvinagre folded before Flop (didn't bet)



PokerStars Hand #254492780039:  Hold'em No Limit ($0.50/$1.00 USD) - 2025/01/21 0:11:55 WET [2025/01/21 19:11:55 ET]
Table 'Deiphobus IV' 6-max Seat #4 is the button
Seat 1: rrrro ($101.50 in chips) 
Seat 2: Xenicide ($124.55 in chips) 
Seat 3: LeaveItYeah ($101 in chips) 
Seat 4: ptolejmus ($10 in chips) 
Seat 5: jujupipa27 ($12.77 in chips) 
Seat 6: Dr. Fvinagre ($22.37 in chips) 
jujupipa27: posts small blind $0.50
Dr. Fvinagre: posts big blind $1
*** HOLE CARDS ***
rrrro: folds 
Xenicide: folds 
LeaveItYeah: folds 
ptolejmus: raises $1 to $2
jujupipa27: calls $1.50
Dr. Fvinagre: folds 
*** FLOP *** [Ad 8h 8d]
jujupipa27: checks 
ptolejmus: bets $1.28
jujupipa27: folds 
Uncalled bet ($1.28) returned to ptolejmus
ptolejmus collected $4.75 from pot
*** SUMMARY ***
Total pot $5 | Rake $0.25 
Board [Ad 8h 8d]
Seat 1: rrrro folded before Flop (didn't bet)
Seat 2: Xenicide folded before Flop (didn't bet)
Seat 3: LeaveItYeah folded before Flop (didn't bet)
Seat 4: ptolejmus (button) collected ($4.75)
Seat 5: jujupipa27 (small blind) folded on the Flop
Seat 6: Dr. Fvinagre (big blind) folded before Flop



PokerStars Hand #254492789076:  Hold'em No Limit ($0.50/$1.00 USD) - 2025/01/21 0:12:38 WET [2025/01/21 19:12:38 ET]
Table 'Deiphobus IV' 6-max Seat #5 is the button
Seat 1: rrrro ($101.50 in chips) 
Seat 2: Xenicide ($124.55 in chips) 
Seat 3: LeaveItYeah ($101 in chips) 
Seat 4: ptolejmus ($12.75 in chips) 
Seat 5: jujupipa27 ($10.77 in chips) 
Seat 6: Dr. Fvinagre ($21.37 in chips) 
Dr. Fvinagre: posts small blind $0.50
rrrro: posts big blind $1
*** HOLE CARDS ***
Xenicide: folds 
LeaveItYeah: folds 
ptolejmus: folds 
jujupipa27: raises $9.77 to $10.77 and is all-in
Dr. Fvinagre: raises $10.60 to $21.37 and is all-in
rrrro: folds 
Uncalled bet ($10.60) returned to Dr. Fvinagre
*** FLOP *** [Ks 3s 6h]
*** TURN *** [Ks 3s 6h] [Tc]
*** RIVER *** [Ks 3s 6h Tc] [Ts]
*** SHOW DOWN ***
Dr. Fvinagre: shows [Qc Kc] (two pair, Kings and Tens)
jujupipa27: shows [6s Ah] (two pair, Tens and Sixes)
Dr. Fvinagre collected $21.41 from pot
*** SUMMARY ***
Total pot $22.54 | Rake $1.13 
Board [Ks 3s 6h Tc Ts]
Seat 1: rrrro (big blind) folded before Flop
Seat 2: Xenicide folded before Flop (didn't bet)
Seat 3: LeaveItYeah folded before Flop (didn't bet)
Seat 4: ptolejmus folded before Flop (didn't bet)
Seat 5: jujupipa27 (button) showed [6s Ah] and lost with two pair, Tens and Sixes
Seat 6: Dr. Fvinagre (small blind) showed [Qc Kc] and won ($21.41) with two pair, Kings and Tens



PokerStars Hand #254492794565:  Hold'em No Limit ($0.50/$1.00 USD) - 2025/01/21 0:13:05 WET [2025/01/21 19:13:05 ET]
Table 'Deiphobus IV' 6-max Seat #6 is the button
Seat 5: jujupipa27 ($0 in chips) is sitting out
Seat 1: rrrro ($100.50 in chips) 
Seat 2: Xenicide ($124.55 in chips) 
Seat 3: LeaveItYeah ($101 in chips) 
Seat 4: ptolejmus ($12.75 in chips) 
Seat 6: Dr. Fvinagre ($32.01 in chips) 
rrrro: posts small blind $0.50
Xenicide: posts big blind $1
*** HOLE CARDS ***
LeaveItYeah: folds 
ptolejmus: folds 
Dr. Fvinagre: folds 
rrrro: folds 
Uncalled bet ($0.50) returned to Xenicide
Xenicide collected $1 from pot
*** SUMMARY ***
Total pot $1 | Rake $0 
Seat 5: jujupipa27
Seat 1: rrrro (small blind) folded before Flop
Seat 2: Xenicide (big blind) collected ($1)
Seat 3: LeaveItYeah folded before Flop (didn't bet)
Seat 4: ptolejmus folded before Flop (didn't bet)
Seat 6: Dr. Fvinagre (button) folded before Flop (didn't bet)



PokerStars Hand #254492800068:  Hold'em No Limit ($0.50/$1.00 USD) - 2025/01/21 0:13:31 WET [2025/01/21 19:13:31 ET]
Table 'Deiphobus IV' 6-max Seat #1 is the button
Seat 5: jujupipa27 ($0 in chips) is sitting out
Seat 1: rrrro ($100 in chips) 
Seat 2: Xenicide ($125.05 in chips) 
Seat 3: LeaveItYeah ($101 in chips) 
Seat 4: ptolejmus ($12.75 in chips) 
Seat 6: Dr. Fvinagre ($32.01 in chips) 
Xenicide: posts small blind $0.50
LeaveItYeah: posts big blind $1
*** HOLE CARDS ***
ptolejmus: folds 
Dr. Fvinagre: folds 
rrrro: folds 
Xenicide: folds 
Uncalled bet ($0.50) returned to LeaveItYeah
LeaveItYeah collected $1 from pot
LeaveItYeah: doesn't show hand 
*** SUMMARY ***
Total pot $1 | Rake $0 
Seat 5: jujupipa27
Seat 1: rrrro (button) folded before Flop (didn't bet)
Seat 2: Xenicide (small blind) folded before Flop
Seat 3: LeaveItYeah (big blind) collected ($1)
Seat 4: ptolejmus folded before Flop (didn't bet)
Seat 6: Dr. Fvinagre folded before Flop (didn't bet)



PokerStars Hand #254492804021:  Hold'em No Limit ($0.50/$1.00 USD) - 2025/01/21 0:13:50 WET [2025/01/21 19:13:50 ET]
Table 'Deiphobus IV' 6-max Seat #2 is the button
Seat 5: jujupipa27 ($0 in chips) is sitting out
Seat 1: rrrro ($100 in chips) 
Seat 2: Xenicide ($124.55 in chips) 
Seat 3: LeaveItYeah ($101.50 in chips) 
Seat 4: ptolejmus ($12.75 in chips) 
Seat 6: Dr. Fvinagre ($32.01 in chips) 
LeaveItYeah: posts small blind $0.50
ptolejmus: posts big blind $1
*** HOLE CARDS ***
Dr. Fvinagre: folds 
rrrro: folds 
Xenicide: folds 
jujupipa27 leaves the table
LeaveItYeah: raises $2 to $3
ptolejmus: folds 
Uncalled bet ($2) returned to LeaveItYeah
LeaveItYeah collected $2 from pot
LeaveItYeah: doesn't show hand 
*** SUMMARY ***
Total pot $2 | Rake $0 
Seat 5: jujupipa27
Seat 1: rrrro folded before Flop (didn't bet)
Seat 2: Xenicide (button) folded before Flop (didn't bet)
Seat 3: LeaveItYeah (small blind) collected ($2)
Seat 4: ptolejmus (big blind) folded before Flop
Seat 6: Dr. Fvinagre folded before Flop (didn't bet)



PokerStars Hand #254492807398:  Hold'em No Limit ($0.50/$1.00 USD) - 2025/01/21 0:14:07 WET [2025/01/21 19:14:07 ET]
Table 'Deiphobus IV' 6-max Seat #3 is the button
Seat 1: rrrro ($100 in chips) 
Seat 2: Xenicide ($124.55 in chips) 
Seat 3: LeaveItYeah ($102.50 in chips) 
Seat 4: ptolejmus ($11.75 in chips) 
Seat 6: Dr. Fvinagre ($32.01 in chips) 
ptolejmus: posts small blind $0.50
Dr. Fvinagre: posts big blind $1
*** HOLE CARDS ***
rrrro: folds 
Xenicide: folds 
LeaveItYeah: raises $1.50 to $2.50
ptolejmus: raises $9.25 to $11.75 and is all-in
Dr. Fvinagre: folds 
LeaveItYeah: folds 
Uncalled bet ($9.25) returned to ptolejmus
ptolejmus collected $6 from pot
*** SUMMARY ***
Total pot $6 | Rake $0 
Seat 1: rrrro folded before Flop (didn't bet)
Seat 2: Xenicide folded before Flop (didn't bet)
Seat 3: LeaveItYeah (button) folded before Flop
Seat 4: ptolejmus (small blind) collected ($6)
Seat 6: Dr. Fvinagre (big blind) folded before Flop



PokerStars Hand #254492812014:  Hold'em No Limit ($0.50/$1.00 USD) - 2025/01/21 0:14:28 WET [2025/01/21 19:14:28 ET]
Table 'Deiphobus IV' 6-max Seat #4 is the button
Seat 1: rrrro ($100 in chips) 
Seat 2: Xenicide ($124.55 in chips) 
Seat 3: LeaveItYeah ($100 in chips) 
Seat 4: ptolejmus ($15.25 in chips) 
Seat 6: Dr. Fvinagre ($31.01 in chips) 
Dr. Fvinagre: posts small blind $0.50
rrrro: posts big blind $1
*** HOLE CARDS ***
Xenicide: folds 
LeaveItYeah: raises $1.25 to $2.25
ptolejmus: folds 
Dr. Fvinagre: folds 
rrrro: folds 
Uncalled bet ($1.25) returned to LeaveItYeah
LeaveItYeah collected $2.50 from pot
LeaveItYeah: doesn't show hand 
*** SUMMARY ***
Total pot $2.50 | Rake $0 
Seat 1: rrrro (big blind) folded before Flop
Seat 2: Xenicide folded before Flop (didn't bet)
Seat 3: LeaveItYeah collected ($2.50)
Seat 4: ptolejmus (button) folded before Flop (didn't bet)
Seat 6: Dr. Fvinagre (small blind) folded before Flop



PokerStars Hand #254492819292:  Hold'em No Limit ($0.50/$1.00 USD) - 2025/01/21 0:15:04 WET [2025/01/21 19:15:04 ET]
Table 'Deiphobus IV' 6-max Seat #6 is the button
Seat 2: Xenicide ($124.55 in chips) is sitting out
Seat 1: rrrro ($100 in chips) 
Seat 3: LeaveItYeah ($101.50 in chips) 
Seat 4: ptolejmus ($15.25 in chips) 
Seat 6: Dr. Fvinagre ($30.51 in chips) 
rrrro: posts small blind $0.50
Xenicide: is sitting out 
LeaveItYeah: posts big blind $1
*** HOLE CARDS ***
Xenicide leaves the table
ptolejmus: folds 
Dr. Fvinagre: folds 
rrrro: folds 
Uncalled bet ($0.50) returned to LeaveItYeah
LeaveItYeah collected $1 from pot
LeaveItYeah: doesn't show hand 
*** SUMMARY ***
Total pot $1 | Rake $0 
Seat 2: Xenicide
Seat 1: rrrro (small blind) folded before Flop
Seat 3: LeaveItYeah (big blind) collected ($1)
Seat 4: ptolejmus folded before Flop (didn't bet)
Seat 6: Dr. Fvinagre (button) folded before Flop (didn't bet)



PokerStars Hand #254492822686:  Hold'em No Limit ($0.50/$1.00 USD) - 2025/01/21 0:15:20 WET [2025/01/21 19:15:20 ET]
Table 'Deiphobus IV' 6-max Seat #1 is the button
Seat 4: ptolejmus ($15.25 in chips) is sitting out
Seat 1: rrrro ($100 in chips) 
Seat 3: LeaveItYeah ($102 in chips) 
Seat 6: Dr. Fvinagre ($30.51 in chips) 
LeaveItYeah: posts small blind $0.50
ptolejmus: is sitting out 
Dr. Fvinagre: posts big blind $1
*** HOLE CARDS ***
rrrro: folds 
LeaveItYeah: folds 
Uncalled bet ($0.50) returned to Dr. Fvinagre
Dr. Fvinagre collected $1 from pot
*** SUMMARY ***
Total pot $1 | Rake $0 
Seat 4: ptolejmus
Seat 1: rrrro (button) folded before Flop (didn't bet)
Seat 3: LeaveItYeah (small blind) folded before Flop
Seat 6: Dr. Fvinagre (big blind) collected ($1)



PokerStars Hand #254492825865:  Hold'em No Limit ($0.50/$1.00 USD) - 2025/01/21 0:15:35 WET [2025/01/21 19:15:35 ET]
Table 'Deiphobus IV' 6-max Seat #6 is the button
Seat 1: rrrro ($100 in chips) is sitting out
Seat 4: ptolejmus ($15.25 in chips) is sitting out
Seat 3: LeaveItYeah ($101.50 in chips) 
Seat 6: Dr. Fvinagre ($31.01 in chips) 
Dr. Fvinagre: posts small blind $0.50
rrrro: is sitting out 
LeaveItYeah: posts big blind $1
*** HOLE CARDS ***
Dr. Fvinagre: raises $2 to $3
LeaveItYeah: calls $2
*** FLOP *** [8s Ks 9s]
LeaveItYeah: checks 
Dr. Fvinagre: checks 
*** TURN *** [8s Ks 9s] [6d]
ptolejmus leaves the table
LeaveItYeah: bets $4.28
Dr. Fvinagre: folds 
Uncalled bet ($4.28) returned to LeaveItYeah
Dr. Fvinagre leaves the table
LeaveItYeah collected $5.70 from pot
LeaveItYeah: doesn't show hand 
*** SUMMARY ***
Total pot $6 | Rake $0.30 
Board [8s Ks 9s 6d]
Seat 1: rrrro
Seat 4: ptolejmus
Seat 3: LeaveItYeah (big blind) collected ($5.70)
Seat 6: Dr. Fvinagre (button) (small blind) folded on the Turn



PokerStars Hand #254492834370:  Hold'em No Limit ($0.50/$1.00 USD) - 2025/01/21 0:16:16 WET [2025/01/21 19:16:16 ET]
Table 'Deiphobus IV' 6-max Seat #3 is the button
Seat 1: rrrro ($100 in chips) 
Seat 3: LeaveItYeah ($104.20 in chips) 
LeaveItYeah: posts small blind $0.50
rrrro: posts big blind $1
*** HOLE CARDS ***
LeaveItYeah: folds 
Uncalled bet ($0.50) returned to rrrro
rrrro collected $1 from pot
rrrro: doesn't show hand 
*** SUMMARY ***
Total pot $1 | Rake $0 
Seat 1: rrrro (big blind) collected ($1)
Seat 3: LeaveItYeah (button) (small blind) folded before Flop



