PokerStars Hand #254490472285:  Hold'em No Limit ($0.50/$1.00 USD) - 2025/01/21 21:40:35 WET [2025/01/21 16:40:35 ET]
Table 'Valeria IV' 6-max Seat #1 is the button
Seat 6: tukeiron ($100 in chips) is sitting out
Seat 1: I TAKE IT 85 ($100 in chips) 
Seat 4: mariofcd ($100 in chips) 
Seat 5: Cositorto ($100 in chips) 
mariofcd: posts small blind $0.50
Cositorto: posts big blind $1
*** HOLE CARDS ***
I TAKE IT 85: folds 
mariofcd: folds 
Uncalled bet ($0.50) returned to Cositorto
Cositorto collected $1 from pot
Cositorto: doesn't show hand 
*** SUMMARY ***
Total pot $1 | Rake $0 
Seat 6: tukeiron
Seat 1: I TAKE IT 85 (button) folded before Flop (didn't bet)
Seat 4: mariofcd (small blind) folded before Flop
Seat 5: Cositorto (big blind) collected ($1)



PokerStars Hand #254490474695:  Hold'em No Limit ($0.50/$1.00 USD) - 2025/01/21 21:40:43 WET [2025/01/21 16:40:43 ET]
Table 'Valeria IV' 6-max Seat #4 is the button
Seat 6: tukeiron ($100 in chips) is sitting out
Seat 1: I TAKE IT 85 ($100 in chips) 
Seat 4: mariofcd ($100 in chips) 
Seat 5: Cositorto ($100.50 in chips) 
Cositorto: posts small blind $0.50
I TAKE IT 85: posts big blind $1
*** HOLE CARDS ***
mariofcd: folds 
michasia joins the table at seat #3 
Cositorto: raises $2 to $3
robercarlos3 joins the table at seat #2 
I TAKE IT 85: raises $7 to $10
Cositorto: calls $7
*** FLOP *** [2d 9c 8d]
Cositorto: checks 
I TAKE IT 85: bets $9.50
Cositorto: raises $13 to $22.50
I TAKE IT 85: folds 
Uncalled bet ($13) returned to Cositorto
Cositorto collected $38 from pot
Cositorto: doesn't show hand 
*** SUMMARY ***
Total pot $39 | Rake $1 
Board [2d 9c 8d]
Seat 6: tukeiron
Seat 1: I TAKE IT 85 (big blind) folded on the Flop
Seat 4: mariofcd (button) folded before Flop (didn't bet)
Seat 5: Cositorto (small blind) collected ($38)



PokerStars Hand #254490489255:  Hold'em No Limit ($0.50/$1.00 USD) - 2025/01/21 21:41:32 WET [2025/01/21 16:41:32 ET]
Table 'Valeria IV' 6-max Seat #5 is the button
Seat 3: michasia ($100 in chips) is sitting out
Seat 6: tukeiron ($100 in chips) is sitting out
Seat 1: I TAKE IT 85 ($100 in chips) 
Seat 2: robercarlos3 ($100 in chips) 
Seat 4: mariofcd ($100 in chips) 
Seat 5: Cositorto ($119 in chips) 
I TAKE IT 85: posts small blind $0.50
robercarlos3: posts big blind $1
michasia: sits out 
*** HOLE CARDS ***
mariofcd: folds 
Cositorto: folds 
I TAKE IT 85: folds 
Uncalled bet ($0.50) returned to robercarlos3
robercarlos3 collected $1 from pot
robercarlos3: doesn't show hand 
*** SUMMARY ***
Total pot $1 | Rake $0 
Seat 3: michasia
Seat 6: tukeiron
Seat 1: I TAKE IT 85 (small blind) folded before Flop
Seat 2: robercarlos3 (big blind) collected ($1)
Seat 4: mariofcd folded before Flop (didn't bet)
Seat 5: Cositorto (button) folded before Flop (didn't bet)



PokerStars Hand #254490491506:  Hold'em No Limit ($0.50/$1.00 USD) - 2025/01/21 21:41:40 WET [2025/01/21 16:41:40 ET]
Table 'Valeria IV' 6-max Seat #1 is the button
Seat 6: tukeiron ($100 in chips) is sitting out
Seat 1: I TAKE IT 85 ($100 in chips) 
Seat 2: robercarlos3 ($100.50 in chips) 
Seat 3: michasia ($100 in chips) 
Seat 4: mariofcd ($100 in chips) 
Seat 5: Cositorto ($119 in chips) 
robercarlos3: posts small blind $0.50
michasia: posts big blind $1
*** HOLE CARDS ***
mariofcd: folds 
Cositorto: folds 
I TAKE IT 85: raises $1.05 to $2.05
robercarlos3: folds 
michasia: raises $8.95 to $11
I TAKE IT 85: folds 
Uncalled bet ($8.95) returned to michasia
michasia collected $4.60 from pot
michasia: doesn't show hand 
*** SUMMARY ***
Total pot $4.60 | Rake $0 
Seat 6: tukeiron
Seat 1: I TAKE IT 85 (button) folded before Flop
Seat 2: robercarlos3 (small blind) folded before Flop
Seat 3: michasia (big blind) collected ($4.60)
Seat 4: mariofcd folded before Flop (didn't bet)
Seat 5: Cositorto folded before Flop (didn't bet)



PokerStars Hand #254490500054:  Hold'em No Limit ($0.50/$1.00 USD) - 2025/01/21 21:42:09 WET [2025/01/21 16:42:09 ET]
Table 'Valeria IV' 6-max Seat #2 is the button
Seat 6: tukeiron ($100 in chips) is sitting out
Seat 1: I TAKE IT 85 ($100 in chips) 
Seat 2: robercarlos3 ($100 in chips) 
Seat 3: michasia ($102.55 in chips) 
Seat 4: mariofcd ($100 in chips) 
Seat 5: Cositorto ($119 in chips) 
michasia: posts small blind $0.50
mariofcd: posts big blind $1
*** HOLE CARDS ***
Cositorto: folds 
I TAKE IT 85: folds 
robercarlos3: folds 
michasia: folds 
Uncalled bet ($0.50) returned to mariofcd
mariofcd collected $1 from pot
mariofcd: doesn't show hand 
*** SUMMARY ***
Total pot $1 | Rake $0 
Seat 6: tukeiron
Seat 1: I TAKE IT 85 folded before Flop (didn't bet)
Seat 2: robercarlos3 (button) folded before Flop (didn't bet)
Seat 3: michasia (small blind) folded before Flop
Seat 4: mariofcd (big blind) collected ($1)
Seat 5: Cositorto folded before Flop (didn't bet)



PokerStars Hand #254490503192:  Hold'em No Limit ($0.50/$1.00 USD) - 2025/01/21 21:42:19 WET [2025/01/21 16:42:19 ET]
Table 'Valeria IV' 6-max Seat #3 is the button
Seat 1: I TAKE IT 85 ($100 in chips) is sitting out
Seat 5: Cositorto ($119 in chips) is sitting out
Seat 6: tukeiron ($100 in chips) is sitting out
Seat 2: robercarlos3 ($100 in chips) 
Seat 3: michasia ($102.05 in chips) 
Seat 4: mariofcd ($100.50 in chips) 
mariofcd: posts small blind $0.50
Cositorto: is sitting out 
I TAKE IT 85: is sitting out 
robercarlos3: posts big blind $1
*** HOLE CARDS ***
michasia: folds 
michasia leaves the table
mariofcd: folds 
Uncalled bet ($0.50) returned to robercarlos3
robercarlos3 collected $1 from pot
robercarlos3: doesn't show hand 
*** SUMMARY ***
Total pot $1 | Rake $0 
Seat 1: I TAKE IT 85
Seat 5: Cositorto
Seat 6: tukeiron
Seat 2: robercarlos3 (big blind) collected ($1)
Seat 3: michasia (button) folded before Flop (didn't bet)
Seat 4: mariofcd (small blind) folded before Flop



PokerStars Hand #254490506266:  Hold'em No Limit ($0.50/$1.00 USD) - 2025/01/21 21:42:30 WET [2025/01/21 16:42:30 ET]
Table 'Valeria IV' 6-max Seat #2 is the button
Seat 1: I TAKE IT 85 ($100 in chips) is sitting out
Seat 5: Cositorto ($119 in chips) is sitting out
Seat 6: tukeiron ($100 in chips) is sitting out
Seat 2: robercarlos3 ($100.50 in chips) 
Seat 4: mariofcd ($100 in chips) 
robercarlos3: posts small blind $0.50
mariofcd: posts big blind $1
*** HOLE CARDS ***
robercarlos3: raises $1.50 to $2.50
mariofcd: calls $1.50
*** FLOP *** [2s 5c 9s]
AlexEliseev7 joins the table at seat #3 
mariofcd: checks 
robercarlos3: checks 
*** TURN *** [2s 5c 9s] [8c]
mariofcd: bets $3.56
robercarlos3: calls $3.56
*** RIVER *** [2s 5c 9s 8c] [2c]
mariofcd: bets $15.77
I TAKE IT 85 leaves the table
robercarlos3: calls $15.77
*** SHOW DOWN ***
mariofcd: shows [Js 3s] (a pair of Deuces)
robercarlos3: shows [8s Ad] (two pair, Eights and Deuces)
robercarlos3 collected $42.66 from pot
*** SUMMARY ***
Total pot $43.66 | Rake $1 
Board [2s 5c 9s 8c 2c]
Seat 1: I TAKE IT 85
Seat 5: Cositorto
Seat 6: tukeiron
Seat 2: robercarlos3 (button) (small blind) showed [8s Ad] and won ($42.66) with two pair, Eights and Deuces
Seat 4: mariofcd (big blind) showed [Js 3s] and lost with a pair of Deuces



PokerStars Hand #254490524234:  Hold'em No Limit ($0.50/$1.00 USD) - 2025/01/21 21:43:30 WET [2025/01/21 16:43:30 ET]
Table 'Valeria IV' 6-max Seat #4 is the button
Seat 5: Cositorto ($119 in chips) is sitting out
Seat 6: tukeiron ($100 in chips) is sitting out
Seat 2: robercarlos3 ($121.33 in chips) 
Seat 3: AlexEliseev7 ($100 in chips) 
Seat 4: mariofcd ($100 in chips) 
robercarlos3: posts small blind $0.50
AlexEliseev7: posts big blind $1
*** HOLE CARDS ***
mariofcd: raises $1.45 to $2.45
robercarlos3: folds 
AlexEliseev7: calls $1.45
*** FLOP *** [7d 2h 4h]
AlexEliseev7: checks 
mariofcd: bets $7.03
AlexEliseev7: folds 
Uncalled bet ($7.03) returned to mariofcd
mariofcd collected $5.13 from pot
mariofcd: doesn't show hand 
*** SUMMARY ***
Total pot $5.40 | Rake $0.27 
Board [7d 2h 4h]
Seat 5: Cositorto
Seat 6: tukeiron
Seat 2: robercarlos3 (small blind) folded before Flop
Seat 3: AlexEliseev7 (big blind) folded on the Flop
Seat 4: mariofcd (button) collected ($5.13)



PokerStars Hand #254490532539:  Hold'em No Limit ($0.50/$1.00 USD) - 2025/01/21 21:43:58 WET [2025/01/21 16:43:58 ET]
Table 'Valeria IV' 6-max Seat #3 is the button
Seat 4: mariofcd ($102.68 in chips) is sitting out
Seat 5: Cositorto ($119 in chips) is sitting out
Seat 6: tukeiron ($100 in chips) is sitting out
Seat 2: robercarlos3 ($120.83 in chips) 
Seat 3: AlexEliseev7 ($100 in chips) 
AlexEliseev7: posts small blind $0.50
mariofcd: is sitting out 
robercarlos3: posts big blind $1
*** HOLE CARDS ***
mariofcd leaves the table
AlexEliseev7: raises $1.50 to $2.50
robercarlos3: calls $1.50
*** FLOP *** [3h 8s 7d]
tukeiron leaves the table
robercarlos3: checks 
AlexEliseev7: checks 
*** TURN *** [3h 8s 7d] [Kh]
robercarlos3: checks 
AlexEliseev7: checks 
*** RIVER *** [3h 8s 7d Kh] [Jd]
robercarlos3: bets $1
AlexEliseev7: folds 
Uncalled bet ($1) returned to robercarlos3
robercarlos3 collected $4.75 from pot
robercarlos3: doesn't show hand 
*** SUMMARY ***
Total pot $5 | Rake $0.25 
Board [3h 8s 7d Kh Jd]
Seat 4: mariofcd
Seat 5: Cositorto
Seat 6: tukeiron
Seat 2: robercarlos3 (big blind) collected ($4.75)
Seat 3: AlexEliseev7 (button) (small blind) folded on the River



PokerStars Hand #254490544170:  Hold'em No Limit ($0.50/$1.00 USD) - 2025/01/21 21:44:37 WET [2025/01/21 16:44:37 ET]
Table 'Valeria IV' 6-max Seat #2 is the button
Seat 5: Cositorto ($119 in chips) is sitting out
Seat 2: robercarlos3 ($123.08 in chips) 
Seat 3: AlexEliseev7 ($100 in chips) 
robercarlos3: posts small blind $0.50
AlexEliseev7: posts big blind $1
*** HOLE CARDS ***
robercarlos3: raises $1.50 to $2.50
AlexEliseev7: folds 
Uncalled bet ($1.50) returned to robercarlos3
robercarlos3 collected $2 from pot
robercarlos3: doesn't show hand 
AlexEliseev7 leaves the table
*** SUMMARY ***
Total pot $2 | Rake $0 
Seat 5: Cositorto
Seat 2: robercarlos3 (button) (small blind) collected ($2)
Seat 3: AlexEliseev7 (big blind) folded before Flop



