PokerStars Hand #254485634816:  Hold'em No Limit ($0.50/$1.00 USD) - 2025/01/21 16:51:16 WET [2025/01/21 11:51:16 ET]
Table 'Geisha IV' 6-max Seat #4 is the button
Seat 1: MaikonAll ($100 in chips) 
Seat 2: v.sting ($100 in chips) 
Seat 3: blistein ($100 in chips) 
Seat 4: ptolejmus ($10 in chips) 
Seat 5: RAidakCo ($100 in chips) 
Seat 6: Burlica2013 ($100 in chips) 
RAidakCo: posts small blind $0.50
Burlica2013: posts big blind $1
*** HOLE CARDS ***
MaikonAll: folds 
v.sting: folds 
blistein: folds 
ptolejmus: folds 
RAidakCo: raises $2 to $3
Burlica2013: calls $2
*** FLOP *** [Qc Js 6d]
RAidakCo: bets $1.88
Burlica2013: calls $1.88
*** TURN *** [Qc Js 6d] [6c]
RAidakCo: checks 
Burlica2013: checks 
*** RIVER *** [Qc Js 6d 6c] [3h]
RAidakCo: checks 
Burlica2013: checks 
*** SHOW DOWN ***
RAidakCo: shows [Kc 8h] (a pair of Sixes)
Burlica2013: shows [Kh 8s] (a pair of Sixes)
RAidakCo collected $4.64 from pot
Burlica2013 collected $4.63 from pot
*** SUMMARY ***
Total pot $9.76 | Rake $0.49 
Board [Qc Js 6d 6c 3h]
Seat 1: MaikonAll folded before Flop (didn't bet)
Seat 2: v.sting folded before Flop (didn't bet)
Seat 3: blistein folded before Flop (didn't bet)
Seat 4: ptolejmus (button) folded before Flop (didn't bet)
Seat 5: RAidakCo (small blind) showed [Kc 8h] and won ($4.64) with a pair of Sixes
Seat 6: Burlica2013 (big blind) showed [Kh 8s] and won ($4.63) with a pair of Sixes



PokerStars Hand #254485645692:  Hold'em No Limit ($0.50/$1.00 USD) - 2025/01/21 16:52:04 WET [2025/01/21 11:52:04 ET]
Table 'Geisha IV' 6-max Seat #5 is the button
Seat 1: MaikonAll ($100 in chips) 
Seat 2: v.sting ($100 in chips) 
Seat 3: blistein ($100 in chips) 
Seat 4: ptolejmus ($10 in chips) 
Seat 5: RAidakCo ($100 in chips) 
Seat 6: Burlica2013 ($100 in chips) 
Burlica2013: posts small blind $0.50
MaikonAll: posts big blind $1
*** HOLE CARDS ***
v.sting: raises $1.50 to $2.50
blistein: raises $4.50 to $7
ptolejmus: folds 
RAidakCo: folds 
Burlica2013: folds 
MaikonAll: folds 
v.sting: calls $4.50
*** FLOP *** [Qs 7c 5c]
v.sting: checks 
blistein: bets $5
v.sting: calls $5
*** TURN *** [Qs 7c 5c] [Js]
v.sting: checks 
blistein: bets $18.16
v.sting: folds 
Uncalled bet ($18.16) returned to blistein
blistein collected $24.22 from pot
blistein: doesn't show hand 
*** SUMMARY ***
Total pot $25.50 | Rake $1.28 
Board [Qs 7c 5c Js]
Seat 1: MaikonAll (big blind) folded before Flop
Seat 2: v.sting folded on the Turn
Seat 3: blistein collected ($24.22)
Seat 4: ptolejmus folded before Flop (didn't bet)
Seat 5: RAidakCo (button) folded before Flop (didn't bet)
Seat 6: Burlica2013 (small blind) folded before Flop



PokerStars Hand #254485660455:  Hold'em No Limit ($0.50/$1.00 USD) - 2025/01/21 16:53:10 WET [2025/01/21 11:53:10 ET]
Table 'Geisha IV' 6-max Seat #6 is the button
Seat 2: v.sting ($100 in chips) is sitting out
Seat 1: MaikonAll ($100 in chips) 
Seat 3: blistein ($112.22 in chips) 
Seat 4: ptolejmus ($10 in chips) 
Seat 5: RAidakCo ($100 in chips) 
Seat 6: Burlica2013 ($100 in chips) 
MaikonAll: posts small blind $0.50
v.sting: is sitting out 
blistein: posts big blind $1
*** HOLE CARDS ***
ptolejmus: folds 
RAidakCo: folds 
Burlica2013: raises $1.45 to $2.45
v.sting leaves the table
MaikonAll: folds 
blistein: folds 
Uncalled bet ($1.45) returned to Burlica2013
Burlica2013 collected $2.50 from pot
Burlica2013: doesn't show hand 
*** SUMMARY ***
Total pot $2.50 | Rake $0 
Seat 2: v.sting
Seat 1: MaikonAll (small blind) folded before Flop
Seat 3: blistein (big blind) folded before Flop
Seat 4: ptolejmus folded before Flop (didn't bet)
Seat 5: RAidakCo folded before Flop (didn't bet)
Seat 6: Burlica2013 (button) collected ($2.50)



PokerStars Hand #254485663496:  Hold'em No Limit ($0.50/$1.00 USD) - 2025/01/21 16:53:23 WET [2025/01/21 11:53:23 ET]
Table 'Geisha IV' 6-max Seat #1 is the button
Seat 1: MaikonAll ($100 in chips) 
Seat 3: blistein ($111.22 in chips) 
Seat 4: ptolejmus ($10 in chips) 
Seat 5: RAidakCo ($100 in chips) 
Seat 6: Burlica2013 ($101.50 in chips) 
blistein: posts small blind $0.50
ptolejmus: posts big blind $1
*** HOLE CARDS ***
RAidakCo: folds 
Burlica2013: raises $1.25 to $2.25
MaikonAll: folds 
blistein: folds 
ptolejmus: raises $7.75 to $10 and is all-in
Burlica2013: folds 
Uncalled bet ($7.75) returned to ptolejmus
ptolejmus collected $5 from pot
*** SUMMARY ***
Total pot $5 | Rake $0 
Seat 1: MaikonAll (button) folded before Flop (didn't bet)
Seat 3: blistein (small blind) folded before Flop
Seat 4: ptolejmus (big blind) collected ($5)
Seat 5: RAidakCo folded before Flop (didn't bet)
Seat 6: Burlica2013 folded before Flop



PokerStars Hand #254485669273:  Hold'em No Limit ($0.50/$1.00 USD) - 2025/01/21 16:53:49 WET [2025/01/21 11:53:49 ET]
Table 'Geisha IV' 6-max Seat #3 is the button
Seat 1: MaikonAll ($100 in chips) 
Seat 3: blistein ($110.72 in chips) 
Seat 4: ptolejmus ($12.75 in chips) 
Seat 5: RAidakCo ($100 in chips) 
Seat 6: Burlica2013 ($100 in chips) 
ptolejmus: posts small blind $0.50
RAidakCo: posts big blind $1
*** HOLE CARDS ***
Burlica2013: raises $1.20 to $2.20
MaikonAll: folds 
blistein: folds 
ptolejmus: folds 
RAidakCo: calls $1.20
*** FLOP *** [5s 5c 3c]
RAidakCo: checks 
Burlica2013: checks 
*** TURN *** [5s 5c 3c] [7c]
RAidakCo: bets $1.54
Burlica2013: folds 
Uncalled bet ($1.54) returned to RAidakCo
RAidakCo collected $4.66 from pot
RAidakCo: doesn't show hand 
*** SUMMARY ***
Total pot $4.90 | Rake $0.24 
Board [5s 5c 3c 7c]
Seat 1: MaikonAll folded before Flop (didn't bet)
Seat 3: blistein (button) folded before Flop (didn't bet)
Seat 4: ptolejmus (small blind) folded before Flop
Seat 5: RAidakCo (big blind) collected ($4.66)
Seat 6: Burlica2013 folded on the Turn



