PokerStars Hand #254489661799:  Hold'em No Limit ($0.50/$1.00 USD) - 2025/01/21 20:55:04 WET [2025/01/21 15:55:04 ET]
Table 'Florentina IV' 6-max Seat #4 is the button
Seat 1: BGS013 ($100 in chips) 
Seat 4: AlexPinsk1 ($100 in chips) 
Seat 6: camilinho UC ($5 in chips) 
camilinho UC: posts small blind $0.50
BGS013: posts big blind $1
*** HOLE CARDS ***
michasia joins the table at seat #3 
AlexPinsk1: raises $1.50 to $2.50
camilinho UC: raises $2.50 to $5 and is all-in
BGS013: raises $7 to $12
AlexPinsk1: folds 
Uncalled bet ($7) returned to BGS013
*** FLOP *** [7s 4c Ad]
*** TURN *** [7s 4c Ad] [8d]
*** RIVER *** [7s 4c Ad 8d] [Ts]
*** SHOW DOWN ***
camilinho UC: shows [Ks Qd] (high card Ace)
BGS013: shows [Jc Ac] (a pair of Aces)
BGS013 collected $11.88 from pot
*** SUMMARY ***
Total pot $12.50 | Rake $0.62 
Board [7s 4c Ad 8d Ts]
Seat 1: BGS013 (big blind) showed [Jc Ac] and won ($11.88) with a pair of Aces
Seat 4: AlexPinsk1 (button) folded before Flop
Seat 6: camilinho UC (small blind) showed [Ks Qd] and lost with high card Ace



PokerStars Hand #254489668416:  Hold'em No Limit ($0.50/$1.00 USD) - 2025/01/21 20:55:34 WET [2025/01/21 15:55:34 ET]
Table 'Florentina IV' 6-max Seat #1 is the button
Seat 3: michasia ($100 in chips) is sitting out
Seat 1: BGS013 ($106.88 in chips) 
Seat 4: AlexPinsk1 ($100 in chips) 
BGS013: posts small blind $0.50
AlexPinsk1: posts big blind $1
*** HOLE CARDS ***
BGS013: folds 
Uncalled bet ($0.50) returned to AlexPinsk1
AlexPinsk1 collected $1 from pot
AlexPinsk1: doesn't show hand 
*** SUMMARY ***
Total pot $1 | Rake $0 
Seat 3: michasia
Seat 1: BGS013 (button) (small blind) folded before Flop
Seat 4: AlexPinsk1 (big blind) collected ($1)



PokerStars Hand #254489670079:  Hold'em No Limit ($0.50/$1.00 USD) - 2025/01/21 20:55:41 WET [2025/01/21 15:55:41 ET]
Table 'Florentina IV' 6-max Seat #4 is the button
Seat 1: BGS013 ($106.38 in chips) 
Seat 3: michasia ($100 in chips) 
Seat 4: AlexPinsk1 ($100.50 in chips) 
BGS013: posts small blind $0.50
michasia: posts big blind $1
*** HOLE CARDS ***
AlexPinsk1: folds 
BGS013: raises $2 to $3
michasia: calls $2
*** FLOP *** [Td 2d Qh]
BGS013: checks 
michasia: checks 
*** TURN *** [Td 2d Qh] [5d]
BGS013: bets $1.48
michasia: folds 
Uncalled bet ($1.48) returned to BGS013
BGS013 collected $5.70 from pot
BGS013: doesn't show hand 
*** SUMMARY ***
Total pot $6 | Rake $0.30 
Board [Td 2d Qh 5d]
Seat 1: BGS013 (small blind) collected ($5.70)
Seat 3: michasia (big blind) folded on the Turn
Seat 4: AlexPinsk1 (button) folded before Flop (didn't bet)



PokerStars Hand #254489677927:  Hold'em No Limit ($0.50/$1.00 USD) - 2025/01/21 20:56:17 WET [2025/01/21 15:56:17 ET]
Table 'Florentina IV' 6-max Seat #1 is the button
Seat 1: BGS013 ($109.08 in chips) 
Seat 3: michasia ($100 in chips) 
Seat 4: AlexPinsk1 ($100.50 in chips) 
michasia: posts small blind $0.50
AlexPinsk1: posts big blind $1
*** HOLE CARDS ***
BGS013: raises $1.50 to $2.50
michasia: raises $9.50 to $12
AlexPinsk1: folds 
BGS013: raises $12 to $24
michasia: calls $12
*** FLOP *** [3h 4c 2d]
michasia: checks 
BGS013: bets $11.48
michasia: raises $22.96 to $34.44
BGS013: raises $50.64 to $85.08 and is all-in
michasia: folds 
Uncalled bet ($50.64) returned to BGS013
BGS013 collected $116.88 from pot
BGS013: doesn't show hand 
*** SUMMARY ***
Total pot $117.88 | Rake $1 
Board [3h 4c 2d]
Seat 1: BGS013 (button) collected ($116.88)
Seat 3: michasia (small blind) folded on the Flop
Seat 4: AlexPinsk1 (big blind) folded before Flop



PokerStars Hand #254489688744:  Hold'em No Limit ($0.50/$1.00 USD) - 2025/01/21 20:57:05 WET [2025/01/21 15:57:05 ET]
Table 'Florentina IV' 6-max Seat #3 is the button
Seat 1: BGS013 ($167.52 in chips) 
Seat 3: michasia ($100 in chips) 
Seat 4: AlexPinsk1 ($100 in chips) 
AlexPinsk1: posts small blind $0.50
BGS013: posts big blind $1
*** HOLE CARDS ***
michasia: raises $1.80 to $2.80
AlexPinsk1: folds 
BGS013: folds 
Uncalled bet ($1.80) returned to michasia
michasia collected $2.50 from pot
michasia: doesn't show hand 
*** SUMMARY ***
Total pot $2.50 | Rake $0 
Seat 1: BGS013 (big blind) folded before Flop
Seat 3: michasia (button) collected ($2.50)
Seat 4: AlexPinsk1 (small blind) folded before Flop



PokerStars Hand #254489693003:  Hold'em No Limit ($0.50/$1.00 USD) - 2025/01/21 20:57:23 WET [2025/01/21 15:57:23 ET]
Table 'Florentina IV' 6-max Seat #1 is the button
Seat 3: michasia ($101.50 in chips) is sitting out
Seat 1: BGS013 ($166.52 in chips) 
Seat 4: AlexPinsk1 ($100 in chips) 
BGS013: posts small blind $0.50
michasia: is sitting out 
AlexPinsk1: posts big blind $1
*** HOLE CARDS ***
BGS013: folds 
Uncalled bet ($0.50) returned to AlexPinsk1
michasia leaves the table
AlexPinsk1 collected $1 from pot
AlexPinsk1: doesn't show hand 
*** SUMMARY ***
Total pot $1 | Rake $0 
Seat 3: michasia
Seat 1: BGS013 (button) (small blind) folded before Flop
Seat 4: AlexPinsk1 (big blind) collected ($1)



PokerStars Hand #254489694417:  Hold'em No Limit ($0.50/$1.00 USD) - 2025/01/21 20:57:30 WET [2025/01/21 15:57:30 ET]
Table 'Florentina IV' 6-max Seat #4 is the button
Seat 1: BGS013 ($166.02 in chips) 
Seat 4: AlexPinsk1 ($100.50 in chips) 
AlexPinsk1: posts small blind $0.50
BGS013: posts big blind $1
*** HOLE CARDS ***
AlexPinsk1: raises $1.50 to $2.50
BGS013: folds 
Uncalled bet ($1.50) returned to AlexPinsk1
AlexPinsk1 collected $2 from pot
AlexPinsk1: doesn't show hand 
*** SUMMARY ***
Total pot $2 | Rake $0 
Seat 1: BGS013 (big blind) folded before Flop
Seat 4: AlexPinsk1 (button) (small blind) collected ($2)



PokerStars Hand #254489960393:  Hold'em No Limit ($0.50/$1.00 USD) - 2025/01/21 21:12:46 WET [2025/01/21 16:12:46 ET]
Table 'Florentina IV' 6-max Seat #6 is the button
Seat 1: BGS013 ($165.02 in chips) 
Seat 2: pr0tecto ($100 in chips) 
Seat 3: JQdeN87 ($83.21 in chips) 
Seat 4: AlexPinsk1 ($101.50 in chips) 
Seat 6: nikalas22 ($100 in chips) 
BGS013: posts small blind $0.50
pr0tecto: posts big blind $1
*** HOLE CARDS ***
z00mba joins the table at seat #5 
JQdeN87: folds 
AlexPinsk1: raises $1.50 to $2.50
nikalas22: folds 
BGS013: folds 
pr0tecto: folds 
Uncalled bet ($1.50) returned to AlexPinsk1
AlexPinsk1 collected $2.50 from pot
AlexPinsk1: doesn't show hand 
*** SUMMARY ***
Total pot $2.50 | Rake $0 
Seat 1: BGS013 (small blind) folded before Flop
Seat 2: pr0tecto (big blind) folded before Flop
Seat 3: JQdeN87 folded before Flop (didn't bet)
Seat 4: AlexPinsk1 collected ($2.50)
Seat 6: nikalas22 (button) folded before Flop (didn't bet)



PokerStars Hand #254489964960:  Hold'em No Limit ($0.50/$1.00 USD) - 2025/01/21 21:13:01 WET [2025/01/21 16:13:01 ET]
Table 'Florentina IV' 6-max Seat #1 is the button
Seat 5: z00mba ($100 in chips) is sitting out
Seat 1: BGS013 ($164.52 in chips) 
Seat 2: pr0tecto ($99 in chips) 
Seat 3: JQdeN87 ($83.21 in chips) 
Seat 4: AlexPinsk1 ($103 in chips) 
Seat 6: nikalas22 ($100 in chips) 
pr0tecto: posts small blind $0.50
JQdeN87: posts big blind $1
z00mba: sits out 
*** HOLE CARDS ***
AlexPinsk1: raises $1.50 to $2.50
nikalas22: folds 
BGS013: folds 
pr0tecto: folds 
JQdeN87: folds 
Uncalled bet ($1.50) returned to AlexPinsk1
AlexPinsk1 collected $2.50 from pot
AlexPinsk1: doesn't show hand 
*** SUMMARY ***
Total pot $2.50 | Rake $0 
Seat 5: z00mba
Seat 1: BGS013 (button) folded before Flop (didn't bet)
Seat 2: pr0tecto (small blind) folded before Flop
Seat 3: JQdeN87 (big blind) folded before Flop
Seat 4: AlexPinsk1 collected ($2.50)
Seat 6: nikalas22 folded before Flop (didn't bet)



PokerStars Hand #254489971398:  Hold'em No Limit ($0.50/$1.00 USD) - 2025/01/21 21:13:22 WET [2025/01/21 16:13:22 ET]
Table 'Florentina IV' 6-max Seat #2 is the button
Seat 4: AlexPinsk1 ($104.50 in chips) is sitting out
Seat 1: BGS013 ($164.52 in chips) 
Seat 2: pr0tecto ($100 in chips) 
Seat 3: JQdeN87 ($82.21 in chips) 
Seat 5: z00mba ($100 in chips) 
Seat 6: nikalas22 ($100 in chips) 
JQdeN87: posts small blind $0.50
AlexPinsk1: is sitting out 
z00mba: posts big blind $1
*** HOLE CARDS ***
nikalas22: raises $1.50 to $2.50
BGS013: calls $2.50
pr0tecto: folds 
JQdeN87: folds 
z00mba: folds 
*** FLOP *** [8d 4c Qh]
nikalas22: checks 
BGS013: bets $1.61
nikalas22: folds 
Uncalled bet ($1.61) returned to BGS013
BGS013 collected $6.18 from pot
BGS013: doesn't show hand 
*** SUMMARY ***
Total pot $6.50 | Rake $0.32 
Board [8d 4c Qh]
Seat 4: AlexPinsk1
Seat 1: BGS013 collected ($6.18)
Seat 2: pr0tecto (button) folded before Flop (didn't bet)
Seat 3: JQdeN87 (small blind) folded before Flop
Seat 5: z00mba (big blind) folded before Flop
Seat 6: nikalas22 folded on the Flop



PokerStars Hand #254489984731:  Hold'em No Limit ($0.50/$1.00 USD) - 2025/01/21 21:14:04 WET [2025/01/21 16:14:04 ET]
Table 'Florentina IV' 6-max Seat #3 is the button
Seat 4: AlexPinsk1 ($104.50 in chips) is sitting out
Seat 1: BGS013 ($168.20 in chips) 
Seat 2: pr0tecto ($100 in chips) 
Seat 3: JQdeN87 ($81.71 in chips) 
Seat 5: z00mba ($100 in chips) 
Seat 6: nikalas22 ($100 in chips) 
z00mba: posts small blind $0.50
nikalas22: posts big blind $1
*** HOLE CARDS ***
BGS013: folds 
pr0tecto: folds 
JQdeN87: folds 
z00mba: raises $2 to $3
nikalas22: raises $6 to $9
z00mba: folds 
Uncalled bet ($6) returned to nikalas22
nikalas22 collected $6 from pot
nikalas22: doesn't show hand 
*** SUMMARY ***
Total pot $6 | Rake $0 
Seat 4: AlexPinsk1
Seat 1: BGS013 folded before Flop (didn't bet)
Seat 2: pr0tecto folded before Flop (didn't bet)
Seat 3: JQdeN87 (button) folded before Flop (didn't bet)
Seat 5: z00mba (small blind) folded before Flop
Seat 6: nikalas22 (big blind) collected ($6)



PokerStars Hand #254489991577:  Hold'em No Limit ($0.50/$1.00 USD) - 2025/01/21 21:14:26 WET [2025/01/21 16:14:26 ET]
Table 'Florentina IV' 6-max Seat #5 is the button
Seat 4: AlexPinsk1 ($104.50 in chips) is sitting out
Seat 1: BGS013 ($168.20 in chips) 
Seat 2: pr0tecto ($100 in chips) 
Seat 3: JQdeN87 ($81.71 in chips) 
Seat 5: z00mba ($100 in chips) 
Seat 6: nikalas22 ($103 in chips) 
nikalas22: posts small blind $0.50
BGS013: posts big blind $1
*** HOLE CARDS ***
pr0tecto: folds 
JQdeN87: folds 
z00mba: raises $1.50 to $2.50
nikalas22: folds 
BGS013: folds 
Uncalled bet ($1.50) returned to z00mba
z00mba collected $2.50 from pot
z00mba: doesn't show hand 
*** SUMMARY ***
Total pot $2.50 | Rake $0 
Seat 4: AlexPinsk1
Seat 1: BGS013 (big blind) folded before Flop
Seat 2: pr0tecto folded before Flop (didn't bet)
Seat 3: JQdeN87 folded before Flop (didn't bet)
Seat 5: z00mba (button) collected ($2.50)
Seat 6: nikalas22 (small blind) folded before Flop



PokerStars Hand #254489995996:  Hold'em No Limit ($0.50/$1.00 USD) - 2025/01/21 21:14:40 WET [2025/01/21 16:14:40 ET]
Table 'Florentina IV' 6-max Seat #6 is the button
Seat 2: pr0tecto ($100 in chips) is sitting out
Seat 4: AlexPinsk1 ($104.50 in chips) is sitting out
Seat 1: BGS013 ($167.20 in chips) 
Seat 3: JQdeN87 ($81.71 in chips) 
Seat 5: z00mba ($101.50 in chips) 
Seat 6: nikalas22 ($102.50 in chips) 
BGS013: posts small blind $0.50
pr0tecto: is sitting out 
JQdeN87: posts big blind $1
*** HOLE CARDS ***
z00mba: folds 
pr0tecto leaves the table
nikalas22: raises $1.50 to $2.50
BGS013: folds 
JQdeN87: calls $1.50
*** FLOP *** [8d Jc Th]
JQdeN87: checks 
nikalas22: checks 
*** TURN *** [8d Jc Th] [Ad]
JQdeN87: checks 
nikalas22: checks 
*** RIVER *** [8d Jc Th Ad] [5d]
Unipoker11 joins the table at seat #2 
JQdeN87: checks 
nikalas22: checks 
*** SHOW DOWN ***
JQdeN87: shows [8h 7d] (a pair of Eights)
nikalas22: shows [Jh 6h] (a pair of Jacks)
nikalas22 collected $5.22 from pot
*** SUMMARY ***
Total pot $5.50 | Rake $0.28 
Board [8d Jc Th Ad 5d]
Seat 2: pr0tecto
Seat 4: AlexPinsk1
Seat 1: BGS013 (small blind) folded before Flop
Seat 3: JQdeN87 (big blind) showed [8h 7d] and lost with a pair of Eights
Seat 5: z00mba folded before Flop (didn't bet)
Seat 6: nikalas22 (button) showed [Jh 6h] and won ($5.22) with a pair of Jacks



PokerStars Hand #254490008289:  Hold'em No Limit ($0.50/$1.00 USD) - 2025/01/21 21:15:18 WET [2025/01/21 16:15:18 ET]
Table 'Florentina IV' 6-max Seat #1 is the button
Seat 2: Unipoker11 ($100 in chips) is sitting out
Seat 4: AlexPinsk1 ($104.50 in chips) is sitting out
Seat 1: BGS013 ($166.70 in chips) 
Seat 3: JQdeN87 ($79.21 in chips) 
Seat 5: z00mba ($101.50 in chips) 
Seat 6: nikalas22 ($105.22 in chips) 
JQdeN87: posts small blind $0.50
z00mba: posts big blind $1
*** HOLE CARDS ***
nikalas22: folds 
BGS013: raises $1.50 to $2.50
JQdeN87: folds 
z00mba: folds 
Uncalled bet ($1.50) returned to BGS013
BGS013 collected $2.50 from pot
BGS013: doesn't show hand 
*** SUMMARY ***
Total pot $2.50 | Rake $0 
Seat 2: Unipoker11
Seat 4: AlexPinsk1
Seat 1: BGS013 (button) collected ($2.50)
Seat 3: JQdeN87 (small blind) folded before Flop
Seat 5: z00mba (big blind) folded before Flop
Seat 6: nikalas22 folded before Flop (didn't bet)



PokerStars Hand #254490011906:  Hold'em No Limit ($0.50/$1.00 USD) - 2025/01/21 21:15:30 WET [2025/01/21 16:15:30 ET]
Table 'Florentina IV' 6-max Seat #3 is the button
Seat 2: Unipoker11 ($100 in chips) is sitting out
Seat 4: AlexPinsk1 ($104.50 in chips) is sitting out
Seat 1: BGS013 ($168.20 in chips) 
Seat 3: JQdeN87 ($78.71 in chips) 
Seat 5: z00mba ($100.50 in chips) 
Seat 6: nikalas22 ($105.22 in chips) 
z00mba: posts small blind $0.50
nikalas22: posts big blind $1
Unipoker11: sits out 
*** HOLE CARDS ***
BGS013: folds 
JQdeN87: raises $2 to $3
z00mba: folds 
nikalas22: raises $10 to $13
JQdeN87: folds 
Uncalled bet ($10) returned to nikalas22
nikalas22 collected $6.50 from pot
nikalas22: doesn't show hand 
*** SUMMARY ***
Total pot $6.50 | Rake $0 
Seat 2: Unipoker11
Seat 4: AlexPinsk1
Seat 1: BGS013 folded before Flop (didn't bet)
Seat 3: JQdeN87 (button) folded before Flop
Seat 5: z00mba (small blind) folded before Flop
Seat 6: nikalas22 (big blind) collected ($6.50)



PokerStars Hand #254490019088:  Hold'em No Limit ($0.50/$1.00 USD) - 2025/01/21 21:15:53 WET [2025/01/21 16:15:53 ET]
Table 'Florentina IV' 6-max Seat #5 is the button
Seat 2: Unipoker11 ($100 in chips) is sitting out
Seat 4: AlexPinsk1 ($104.50 in chips) is sitting out
Seat 1: BGS013 ($168.20 in chips) 
Seat 3: JQdeN87 ($75.71 in chips) 
Seat 5: z00mba ($100 in chips) 
Seat 6: nikalas22 ($108.72 in chips) 
nikalas22: posts small blind $0.50
BGS013: posts big blind $1
Unipoker11: sits out 
*** HOLE CARDS ***
JQdeN87: raises $2 to $3
z00mba: folds 
nikalas22: raises $10 to $13
BGS013: folds 
JQdeN87: folds 
Uncalled bet ($10) returned to nikalas22
nikalas22 collected $7 from pot
nikalas22: doesn't show hand 
*** SUMMARY ***
Total pot $7 | Rake $0 
Seat 2: Unipoker11
Seat 4: AlexPinsk1
Seat 1: BGS013 (big blind) folded before Flop
Seat 3: JQdeN87 folded before Flop
Seat 5: z00mba (button) folded before Flop (didn't bet)
Seat 6: nikalas22 (small blind) collected ($7)



PokerStars Hand #254490028976:  Hold'em No Limit ($0.50/$1.00 USD) - 2025/01/21 21:16:24 WET [2025/01/21 16:16:24 ET]
Table 'Florentina IV' 6-max Seat #6 is the button
Seat 4: AlexPinsk1 ($104.50 in chips) is sitting out
Seat 1: BGS013 ($167.20 in chips) 
Seat 2: Unipoker11 ($100 in chips) 
Seat 3: JQdeN87 ($72.71 in chips) 
Seat 5: z00mba ($100 in chips) 
Seat 6: nikalas22 ($112.72 in chips) 
BGS013: posts small blind $0.50
Unipoker11: posts big blind $1
*** HOLE CARDS ***
JQdeN87: raises $2 to $3
z00mba: folds 
nikalas22: folds 
BGS013: folds 
Unipoker11: folds 
Uncalled bet ($2) returned to JQdeN87
JQdeN87 collected $2.50 from pot
JQdeN87: doesn't show hand 
*** SUMMARY ***
Total pot $2.50 | Rake $0 
Seat 4: AlexPinsk1
Seat 1: BGS013 (small blind) folded before Flop
Seat 2: Unipoker11 (big blind) folded before Flop
Seat 3: JQdeN87 collected ($2.50)
Seat 5: z00mba folded before Flop (didn't bet)
Seat 6: nikalas22 (button) folded before Flop (didn't bet)



PokerStars Hand #254490034716:  Hold'em No Limit ($0.50/$1.00 USD) - 2025/01/21 21:16:43 WET [2025/01/21 16:16:43 ET]
Table 'Florentina IV' 6-max Seat #1 is the button
Seat 4: AlexPinsk1 ($104.50 in chips) is sitting out
Seat 1: BGS013 ($166.70 in chips) 
Seat 2: Unipoker11 ($100 in chips) 
Seat 3: JQdeN87 ($74.21 in chips) 
Seat 5: z00mba ($100 in chips) 
Seat 6: nikalas22 ($112.72 in chips) 
Unipoker11: posts small blind $0.50
JQdeN87: posts big blind $1
AlexPinsk1: sits out 
*** HOLE CARDS ***
z00mba: folds 
nikalas22: folds 
BGS013: raises $1.50 to $2.50
Unipoker11: calls $2
JQdeN87: folds 
*** FLOP *** [8h Js 6d]
Unipoker11: checks 
BGS013: bets $1.48
Unipoker11: calls $1.48
*** TURN *** [8h Js 6d] [3c]
Unipoker11: checks 
BGS013: checks 
*** RIVER *** [8h Js 6d 3c] [Qc]
Unipoker11: bets $6.38
BGS013: calls $6.38
*** SHOW DOWN ***
Unipoker11: shows [4d 5d] (high card Queen)
BGS013: shows [8s Ad] (a pair of Eights)
BGS013 collected $20.63 from pot
*** SUMMARY ***
Total pot $21.72 | Rake $1.09 
Board [8h Js 6d 3c Qc]
Seat 4: AlexPinsk1
Seat 1: BGS013 (button) showed [8s Ad] and won ($20.63) with a pair of Eights
Seat 2: Unipoker11 (small blind) showed [4d 5d] and lost with high card Queen
Seat 3: JQdeN87 (big blind) folded before Flop
Seat 5: z00mba folded before Flop (didn't bet)
Seat 6: nikalas22 folded before Flop (didn't bet)



PokerStars Hand #254490057859:  Hold'em No Limit ($0.50/$1.00 USD) - 2025/01/21 21:17:56 WET [2025/01/21 16:17:56 ET]
Table 'Florentina IV' 6-max Seat #2 is the button
Seat 1: BGS013 ($176.97 in chips) 
Seat 2: Unipoker11 ($100 in chips) 
Seat 3: JQdeN87 ($73.21 in chips) 
Seat 4: AlexPinsk1 ($104.50 in chips) 
Seat 5: z00mba ($100 in chips) 
Seat 6: nikalas22 ($112.72 in chips) 
JQdeN87: posts small blind $0.50
AlexPinsk1: posts big blind $1
*** HOLE CARDS ***
z00mba: folds 
nikalas22: folds 
BGS013: folds 
Unipoker11: folds 
JQdeN87: raises $2 to $3
AlexPinsk1: folds 
Uncalled bet ($2) returned to JQdeN87
JQdeN87 collected $2 from pot
JQdeN87: doesn't show hand 
*** SUMMARY ***
Total pot $2 | Rake $0 
Seat 1: BGS013 folded before Flop (didn't bet)
Seat 2: Unipoker11 (button) folded before Flop (didn't bet)
Seat 3: JQdeN87 (small blind) collected ($2)
Seat 4: AlexPinsk1 (big blind) folded before Flop
Seat 5: z00mba folded before Flop (didn't bet)
Seat 6: nikalas22 folded before Flop (didn't bet)



PokerStars Hand #254490064193:  Hold'em No Limit ($0.50/$1.00 USD) - 2025/01/21 21:18:16 WET [2025/01/21 16:18:16 ET]
Table 'Florentina IV' 6-max Seat #3 is the button
Seat 1: BGS013 ($176.97 in chips) 
Seat 2: Unipoker11 ($100 in chips) 
Seat 3: JQdeN87 ($74.21 in chips) 
Seat 4: AlexPinsk1 ($103.50 in chips) 
Seat 5: z00mba ($100 in chips) 
Seat 6: nikalas22 ($112.72 in chips) 
AlexPinsk1: posts small blind $0.50
z00mba: posts big blind $1
*** HOLE CARDS ***
nikalas22: folds 
BGS013: folds 
Unipoker11: folds 
JQdeN87: raises $2 to $3
AlexPinsk1: folds 
z00mba: calls $2
*** FLOP *** [3h 2c 5h]
z00mba: checks 
JQdeN87: bets $4
z00mba: calls $4
*** TURN *** [3h 2c 5h] [Td]
z00mba: checks 
JQdeN87: bets $7
z00mba: calls $7
*** RIVER *** [3h 2c 5h Td] [7d]
z00mba: checks 
JQdeN87: bets $11
z00mba: calls $11
*** SHOW DOWN ***
JQdeN87: shows [As Ad] (a pair of Aces)
z00mba: mucks hand 
JQdeN87 collected $48 from pot
*** SUMMARY ***
Total pot $50.50 | Rake $2.50 
Board [3h 2c 5h Td 7d]
Seat 1: BGS013 folded before Flop (didn't bet)
Seat 2: Unipoker11 folded before Flop (didn't bet)
Seat 3: JQdeN87 (button) showed [As Ad] and won ($48) with a pair of Aces
Seat 4: AlexPinsk1 (small blind) folded before Flop
Seat 5: z00mba (big blind) mucked
Seat 6: nikalas22 folded before Flop (didn't bet)



PokerStars Hand #254490083332:  Hold'em No Limit ($0.50/$1.00 USD) - 2025/01/21 21:19:17 WET [2025/01/21 16:19:17 ET]
Table 'Florentina IV' 6-max Seat #4 is the button
Seat 1: BGS013 ($176.97 in chips) 
Seat 2: Unipoker11 ($100 in chips) 
Seat 3: JQdeN87 ($97.21 in chips) 
Seat 4: AlexPinsk1 ($103 in chips) 
Seat 5: z00mba ($100 in chips) 
Seat 6: nikalas22 ($112.72 in chips) 
z00mba: posts small blind $0.50
nikalas22: posts big blind $1
*** HOLE CARDS ***
BGS013: raises $1 to $2
Unipoker11: folds 
JQdeN87: folds 
AlexPinsk1: folds 
z00mba: folds 
nikalas22: folds 
Uncalled bet ($1) returned to BGS013
BGS013 collected $2.50 from pot
BGS013: doesn't show hand 
*** SUMMARY ***
Total pot $2.50 | Rake $0 
Seat 1: BGS013 collected ($2.50)
Seat 2: Unipoker11 folded before Flop (didn't bet)
Seat 3: JQdeN87 folded before Flop (didn't bet)
Seat 4: AlexPinsk1 (button) folded before Flop (didn't bet)
Seat 5: z00mba (small blind) folded before Flop
Seat 6: nikalas22 (big blind) folded before Flop



PokerStars Hand #254490090609:  Hold'em No Limit ($0.50/$1.00 USD) - 2025/01/21 21:19:39 WET [2025/01/21 16:19:39 ET]
Table 'Florentina IV' 6-max Seat #5 is the button
Seat 1: BGS013 ($178.47 in chips) 
Seat 2: Unipoker11 ($100 in chips) 
Seat 3: JQdeN87 ($97.21 in chips) 
Seat 4: AlexPinsk1 ($103 in chips) 
Seat 5: z00mba ($100 in chips) 
Seat 6: nikalas22 ($111.72 in chips) 
nikalas22: posts small blind $0.50
BGS013: posts big blind $1
*** HOLE CARDS ***
Unipoker11: folds 
JQdeN87: raises $2 to $3
AlexPinsk1: folds 
z00mba: folds 
nikalas22: folds 
BGS013: calls $2
*** FLOP *** [Js 2h Kd]
BGS013: checks 
JQdeN87: checks 
*** TURN *** [Js 2h Kd] [6d]
BGS013: bets $1.61
JQdeN87: folds 
Uncalled bet ($1.61) returned to BGS013
BGS013 collected $6.18 from pot
BGS013: doesn't show hand 
*** SUMMARY ***
Total pot $6.50 | Rake $0.32 
Board [Js 2h Kd 6d]
Seat 1: BGS013 (big blind) collected ($6.18)
Seat 2: Unipoker11 folded before Flop (didn't bet)
Seat 3: JQdeN87 folded on the Turn
Seat 4: AlexPinsk1 folded before Flop (didn't bet)
Seat 5: z00mba (button) folded before Flop (didn't bet)
Seat 6: nikalas22 (small blind) folded before Flop



PokerStars Hand #254490099294:  Hold'em No Limit ($0.50/$1.00 USD) - 2025/01/21 21:20:07 WET [2025/01/21 16:20:07 ET]
Table 'Florentina IV' 6-max Seat #6 is the button
Seat 1: BGS013 ($181.65 in chips) 
Seat 2: Unipoker11 ($100 in chips) 
Seat 3: JQdeN87 ($94.21 in chips) 
Seat 4: AlexPinsk1 ($103 in chips) 
Seat 5: z00mba ($100 in chips) 
Seat 6: nikalas22 ($111.22 in chips) 
BGS013: posts small blind $0.50
Unipoker11: posts big blind $1
*** HOLE CARDS ***
JQdeN87: folds 
AlexPinsk1: folds 
z00mba: folds 
nikalas22: folds 
BGS013: raises $2 to $3
Unipoker11: calls $2
*** FLOP *** [4s Ts Jc]
BGS013: checks 
Unipoker11: checks 
*** TURN *** [4s Ts Jc] [2h]
BGS013: checks 
Unipoker11: bets $2.85
BGS013: calls $2.85
*** RIVER *** [4s Ts Jc 2h] [Kd]
BGS013: checks 
Unipoker11: bets $7.45
BGS013: folds 
Uncalled bet ($7.45) returned to Unipoker11
Unipoker11 collected $11.12 from pot
Unipoker11: doesn't show hand 
*** SUMMARY ***
Total pot $11.70 | Rake $0.58 
Board [4s Ts Jc 2h Kd]
Seat 1: BGS013 (small blind) folded on the River
Seat 2: Unipoker11 (big blind) collected ($11.12)
Seat 3: JQdeN87 folded before Flop (didn't bet)
Seat 4: AlexPinsk1 folded before Flop (didn't bet)
Seat 5: z00mba folded before Flop (didn't bet)
Seat 6: nikalas22 (button) folded before Flop (didn't bet)



PokerStars Hand #254490134568:  Hold'em No Limit ($0.50/$1.00 USD) - 2025/01/21 21:22:02 WET [2025/01/21 16:22:02 ET]
Table 'Florentina IV' 6-max Seat #1 is the button
Seat 1: BGS013 ($175.80 in chips) 
Seat 2: Unipoker11 ($105.27 in chips) 
Seat 3: JQdeN87 ($94.21 in chips) 
Seat 4: AlexPinsk1 ($103 in chips) 
Seat 5: z00mba ($100 in chips) 
Seat 6: nikalas22 ($111.22 in chips) 
Unipoker11: posts small blind $0.50
JQdeN87: posts big blind $1
*** HOLE CARDS ***
AlexPinsk1 has timed out
AlexPinsk1: folds 
z00mba: folds 
nikalas22: folds 
BGS013: raises $1.50 to $2.50
Unipoker11: folds 
JQdeN87: folds 
Uncalled bet ($1.50) returned to BGS013
BGS013 collected $2.50 from pot
BGS013: doesn't show hand 
*** SUMMARY ***
Total pot $2.50 | Rake $0 
Seat 1: BGS013 (button) collected ($2.50)
Seat 2: Unipoker11 (small blind) folded before Flop
Seat 3: JQdeN87 (big blind) folded before Flop
Seat 4: AlexPinsk1 folded before Flop (didn't bet)
Seat 5: z00mba folded before Flop (didn't bet)
Seat 6: nikalas22 folded before Flop (didn't bet)



PokerStars Hand #254490145036:  Hold'em No Limit ($0.50/$1.00 USD) - 2025/01/21 21:22:35 WET [2025/01/21 16:22:35 ET]
Table 'Florentina IV' 6-max Seat #2 is the button
Seat 4: AlexPinsk1 ($103 in chips) is sitting out
Seat 1: BGS013 ($177.30 in chips) 
Seat 2: Unipoker11 ($104.77 in chips) 
Seat 3: JQdeN87 ($93.21 in chips) 
Seat 5: z00mba ($100 in chips) 
Seat 6: nikalas22 ($111.22 in chips) 
JQdeN87: posts small blind $0.50
z00mba: posts big blind $1
*** HOLE CARDS ***
nikalas22: folds 
BGS013: folds 
Unipoker11: raises $1.50 to $2.50
JQdeN87: calls $2
z00mba: folds 
*** FLOP *** [4d 7s Kd]
JQdeN87: checks 
Unipoker11: bets $1.43
JQdeN87: calls $1.43
*** TURN *** [4d 7s Kd] [2h]
JQdeN87: checks 
Unipoker11: checks 
*** RIVER *** [4d 7s Kd 2h] [8s]
JQdeN87: bets $6
Unipoker11 has timed out
Unipoker11: folds 
Uncalled bet ($6) returned to JQdeN87
JQdeN87 collected $8.42 from pot
JQdeN87: doesn't show hand 
*** SUMMARY ***
Total pot $8.86 | Rake $0.44 
Board [4d 7s Kd 2h 8s]
Seat 4: AlexPinsk1
Seat 1: BGS013 folded before Flop (didn't bet)
Seat 2: Unipoker11 (button) folded on the River
Seat 3: JQdeN87 (small blind) collected ($8.42)
Seat 5: z00mba (big blind) folded before Flop
Seat 6: nikalas22 folded before Flop (didn't bet)



PokerStars Hand #254490171975:  Hold'em No Limit ($0.50/$1.00 USD) - 2025/01/21 21:24:03 WET [2025/01/21 16:24:03 ET]
Table 'Florentina IV' 6-max Seat #3 is the button
Seat 4: AlexPinsk1 ($103 in chips) is sitting out
Seat 1: BGS013 ($177.30 in chips) 
Seat 2: Unipoker11 ($100.84 in chips) 
Seat 3: JQdeN87 ($97.70 in chips) 
Seat 5: z00mba ($100 in chips) 
Seat 6: nikalas22 ($111.22 in chips) 
z00mba: posts small blind $0.50
nikalas22: posts big blind $1
*** HOLE CARDS ***
BGS013: folds 
Unipoker11: raises $1.30 to $2.30
JQdeN87: calls $2.30
z00mba: folds 
nikalas22: folds 
*** FLOP *** [Jh 5h 4h]
Unipoker11: checks 
JQdeN87: checks 
*** TURN *** [Jh 5h 4h] [As]
Unipoker11: checks 
JQdeN87: checks 
*** RIVER *** [Jh 5h 4h As] [Kh]
Unipoker11: checks 
JQdeN87: bets $1
Unipoker11: calls $1
*** SHOW DOWN ***
JQdeN87: shows [6c 3c] (high card Ace)
Unipoker11: shows [8d Kd] (a pair of Kings)
Unipoker11 collected $7.70 from pot
*** SUMMARY ***
Total pot $8.10 | Rake $0.40 
Board [Jh 5h 4h As Kh]
Seat 4: AlexPinsk1
Seat 1: BGS013 folded before Flop (didn't bet)
Seat 2: Unipoker11 showed [8d Kd] and won ($7.70) with a pair of Kings
Seat 3: JQdeN87 (button) showed [6c 3c] and lost with high card Ace
Seat 5: z00mba (small blind) folded before Flop
Seat 6: nikalas22 (big blind) folded before Flop



PokerStars Hand #254490185781:  Hold'em No Limit ($0.50/$1.00 USD) - 2025/01/21 21:24:47 WET [2025/01/21 16:24:47 ET]
Table 'Florentina IV' 6-max Seat #5 is the button
Seat 4: AlexPinsk1 ($103 in chips) is sitting out
Seat 1: BGS013 ($177.30 in chips) 
Seat 2: Unipoker11 ($105.24 in chips) 
Seat 3: JQdeN87 ($94.40 in chips) 
Seat 5: z00mba ($100 in chips) 
Seat 6: nikalas22 ($110.22 in chips) 
nikalas22: posts small blind $0.50
BGS013: posts big blind $1
AlexPinsk1: sits out 
*** HOLE CARDS ***
Unipoker11: folds 
JQdeN87: folds 
z00mba: raises $1.50 to $2.50
nikalas22: folds 
BGS013: folds 
Uncalled bet ($1.50) returned to z00mba
z00mba collected $2.50 from pot
z00mba: doesn't show hand 
*** SUMMARY ***
Total pot $2.50 | Rake $0 
Seat 4: AlexPinsk1
Seat 1: BGS013 (big blind) folded before Flop
Seat 2: Unipoker11 folded before Flop (didn't bet)
Seat 3: JQdeN87 folded before Flop (didn't bet)
Seat 5: z00mba (button) collected ($2.50)
Seat 6: nikalas22 (small blind) folded before Flop



PokerStars Hand #254490193708:  Hold'em No Limit ($0.50/$1.00 USD) - 2025/01/21 21:25:13 WET [2025/01/21 16:25:13 ET]
Table 'Florentina IV' 6-max Seat #6 is the button
Seat 4: AlexPinsk1 ($103 in chips) is sitting out
Seat 1: BGS013 ($176.30 in chips) 
Seat 2: Unipoker11 ($105.24 in chips) 
Seat 3: JQdeN87 ($94.40 in chips) 
Seat 5: z00mba ($101.50 in chips) 
Seat 6: nikalas22 ($109.72 in chips) 
BGS013: posts small blind $0.50
Unipoker11: posts big blind $1
AlexPinsk1: sits out 
*** HOLE CARDS ***
JQdeN87: folds 
z00mba: folds 
nikalas22: folds 
BGS013: folds 
Uncalled bet ($0.50) returned to Unipoker11
Unipoker11 collected $1 from pot
Unipoker11: doesn't show hand 
*** SUMMARY ***
Total pot $1 | Rake $0 
Seat 4: AlexPinsk1
Seat 1: BGS013 (small blind) folded before Flop
Seat 2: Unipoker11 (big blind) collected ($1)
Seat 3: JQdeN87 folded before Flop (didn't bet)
Seat 5: z00mba folded before Flop (didn't bet)
Seat 6: nikalas22 (button) folded before Flop (didn't bet)



PokerStars Hand #254490199511:  Hold'em No Limit ($0.50/$1.00 USD) - 2025/01/21 21:25:32 WET [2025/01/21 16:25:32 ET]
Table 'Florentina IV' 6-max Seat #1 is the button
Seat 4: AlexPinsk1 ($103 in chips) is sitting out
Seat 1: BGS013 ($175.80 in chips) 
Seat 2: Unipoker11 ($105.74 in chips) 
Seat 3: JQdeN87 ($94.40 in chips) 
Seat 5: z00mba ($101.50 in chips) 
Seat 6: nikalas22 ($109.72 in chips) 
Unipoker11: posts small blind $0.50
JQdeN87: posts big blind $1
AlexPinsk1: sits out 
*** HOLE CARDS ***
z00mba: folds 
nikalas22: folds 
BGS013: raises $1.50 to $2.50
Unipoker11: folds 
JQdeN87: calls $1.50
*** FLOP *** [8d 7h 9s]
JQdeN87: checks 
BGS013: checks 
*** TURN *** [8d 7h 9s] [Ks]
JQdeN87: bets $4
BGS013: folds 
Uncalled bet ($4) returned to JQdeN87
JQdeN87 collected $5.22 from pot
JQdeN87: doesn't show hand 
*** SUMMARY ***
Total pot $5.50 | Rake $0.28 
Board [8d 7h 9s Ks]
Seat 4: AlexPinsk1
Seat 1: BGS013 (button) folded on the Turn
Seat 2: Unipoker11 (small blind) folded before Flop
Seat 3: JQdeN87 (big blind) collected ($5.22)
Seat 5: z00mba folded before Flop (didn't bet)
Seat 6: nikalas22 folded before Flop (didn't bet)



PokerStars Hand #254490211980:  Hold'em No Limit ($0.50/$1.00 USD) - 2025/01/21 21:26:14 WET [2025/01/21 16:26:14 ET]
Table 'Florentina IV' 6-max Seat #2 is the button
Seat 1: BGS013 ($173.30 in chips) 
Seat 2: Unipoker11 ($105.24 in chips) 
Seat 3: JQdeN87 ($97.12 in chips) 
Seat 4: AlexPinsk1 ($103 in chips) 
Seat 5: z00mba ($101.50 in chips) 
Seat 6: nikalas22 ($109.72 in chips) 
JQdeN87: posts small blind $0.50
AlexPinsk1: posts big blind $1
*** HOLE CARDS ***
z00mba: folds 
nikalas22: folds 
BGS013: folds 
Unipoker11: raises $1.50 to $2.50
JQdeN87: raises $5.50 to $8
AlexPinsk1: folds 
Unipoker11: folds 
Uncalled bet ($5.50) returned to JQdeN87
JQdeN87 collected $6 from pot
JQdeN87: doesn't show hand 
*** SUMMARY ***
Total pot $6 | Rake $0 
Seat 1: BGS013 folded before Flop (didn't bet)
Seat 2: Unipoker11 (button) folded before Flop
Seat 3: JQdeN87 (small blind) collected ($6)
Seat 4: AlexPinsk1 (big blind) folded before Flop
Seat 5: z00mba folded before Flop (didn't bet)
Seat 6: nikalas22 folded before Flop (didn't bet)



PokerStars Hand #254490223615:  Hold'em No Limit ($0.50/$1.00 USD) - 2025/01/21 21:26:52 WET [2025/01/21 16:26:52 ET]
Table 'Florentina IV' 6-max Seat #3 is the button
Seat 1: BGS013 ($173.30 in chips) 
Seat 2: Unipoker11 ($102.74 in chips) 
Seat 3: JQdeN87 ($100.62 in chips) 
Seat 4: AlexPinsk1 ($102 in chips) 
Seat 5: z00mba ($101.50 in chips) 
Seat 6: nikalas22 ($109.72 in chips) 
AlexPinsk1: posts small blind $0.50
z00mba: posts big blind $1
*** HOLE CARDS ***
nikalas22: raises $1.50 to $2.50
BGS013: folds 
Unipoker11: folds 
JQdeN87: folds 
AlexPinsk1: folds 
z00mba: folds 
Uncalled bet ($1.50) returned to nikalas22
nikalas22 collected $2.50 from pot
nikalas22: doesn't show hand 
*** SUMMARY ***
Total pot $2.50 | Rake $0 
Seat 1: BGS013 folded before Flop (didn't bet)
Seat 2: Unipoker11 folded before Flop (didn't bet)
Seat 3: JQdeN87 (button) folded before Flop (didn't bet)
Seat 4: AlexPinsk1 (small blind) folded before Flop
Seat 5: z00mba (big blind) folded before Flop
Seat 6: nikalas22 collected ($2.50)



PokerStars Hand #254490230102:  Hold'em No Limit ($0.50/$1.00 USD) - 2025/01/21 21:27:13 WET [2025/01/21 16:27:13 ET]
Table 'Florentina IV' 6-max Seat #4 is the button
Seat 1: BGS013 ($173.30 in chips) 
Seat 2: Unipoker11 ($102.74 in chips) 
Seat 3: JQdeN87 ($100.62 in chips) 
Seat 4: AlexPinsk1 ($101.50 in chips) 
Seat 5: z00mba ($100.50 in chips) 
Seat 6: nikalas22 ($111.22 in chips) 
z00mba: posts small blind $0.50
nikalas22: posts big blind $1
*** HOLE CARDS ***
BGS013: folds 
Unipoker11: folds 
JQdeN87: folds 
AlexPinsk1: folds 
z00mba: folds 
Uncalled bet ($0.50) returned to nikalas22
nikalas22 collected $1 from pot
nikalas22: doesn't show hand 
*** SUMMARY ***
Total pot $1 | Rake $0 
Seat 1: BGS013 folded before Flop (didn't bet)
Seat 2: Unipoker11 folded before Flop (didn't bet)
Seat 3: JQdeN87 folded before Flop (didn't bet)
Seat 4: AlexPinsk1 (button) folded before Flop (didn't bet)
Seat 5: z00mba (small blind) folded before Flop
Seat 6: nikalas22 (big blind) collected ($1)



PokerStars Hand #254490234832:  Hold'em No Limit ($0.50/$1.00 USD) - 2025/01/21 21:27:29 WET [2025/01/21 16:27:29 ET]
Table 'Florentina IV' 6-max Seat #5 is the button
Seat 1: BGS013 ($173.30 in chips) 
Seat 2: Unipoker11 ($102.74 in chips) 
Seat 3: JQdeN87 ($100.62 in chips) 
Seat 4: AlexPinsk1 ($101.50 in chips) 
Seat 5: z00mba ($100 in chips) 
Seat 6: nikalas22 ($111.72 in chips) 
nikalas22: posts small blind $0.50
BGS013: posts big blind $1
*** HOLE CARDS ***
Unipoker11: raises $1 to $2
JQdeN87: folds 
AlexPinsk1: folds 
z00mba: folds 
nikalas22: folds 
BGS013: calls $1
*** FLOP *** [2c Ks 8h]
BGS013: checks 
Unipoker11: bets $1.07
BGS013: raises $5.43 to $6.50
Unipoker11: folds 
Uncalled bet ($5.43) returned to BGS013
BGS013 collected $6.31 from pot
BGS013: doesn't show hand 
*** SUMMARY ***
Total pot $6.64 | Rake $0.33 
Board [2c Ks 8h]
Seat 1: BGS013 (big blind) collected ($6.31)
Seat 2: Unipoker11 folded on the Flop
Seat 3: JQdeN87 folded before Flop (didn't bet)
Seat 4: AlexPinsk1 folded before Flop (didn't bet)
Seat 5: z00mba (button) folded before Flop (didn't bet)
Seat 6: nikalas22 (small blind) folded before Flop



PokerStars Hand #254490248451:  Hold'em No Limit ($0.50/$1.00 USD) - 2025/01/21 21:28:13 WET [2025/01/21 16:28:13 ET]
Table 'Florentina IV' 6-max Seat #6 is the button
Seat 1: BGS013 ($176.54 in chips) 
Seat 2: Unipoker11 ($100 in chips) 
Seat 3: JQdeN87 ($100.62 in chips) 
Seat 4: AlexPinsk1 ($101.50 in chips) 
Seat 5: z00mba ($100 in chips) 
Seat 6: nikalas22 ($111.22 in chips) 
BGS013: posts small blind $0.50
Unipoker11: posts big blind $1
*** HOLE CARDS ***
JQdeN87: raises $2 to $3
AlexPinsk1: folds 
z00mba: folds 
nikalas22: folds 
BGS013: folds 
Unipoker11: calls $2
*** FLOP *** [5s Js Qs]
Unipoker11: checks 
JQdeN87: bets $4
Unipoker11: folds 
Uncalled bet ($4) returned to JQdeN87
JQdeN87 collected $6.18 from pot
JQdeN87: doesn't show hand 
*** SUMMARY ***
Total pot $6.50 | Rake $0.32 
Board [5s Js Qs]
Seat 1: BGS013 (small blind) folded before Flop
Seat 2: Unipoker11 (big blind) folded on the Flop
Seat 3: JQdeN87 collected ($6.18)
Seat 4: AlexPinsk1 folded before Flop (didn't bet)
Seat 5: z00mba folded before Flop (didn't bet)
Seat 6: nikalas22 (button) folded before Flop (didn't bet)



PokerStars Hand #254490271061:  Hold'em No Limit ($0.50/$1.00 USD) - 2025/01/21 21:29:29 WET [2025/01/21 16:29:29 ET]
Table 'Florentina IV' 6-max Seat #1 is the button
Seat 1: BGS013 ($176.04 in chips) 
Seat 2: Unipoker11 ($100 in chips) 
Seat 3: JQdeN87 ($103.80 in chips) 
Seat 4: AlexPinsk1 ($101.50 in chips) 
Seat 5: z00mba ($100 in chips) 
Seat 6: nikalas22 ($111.22 in chips) 
Unipoker11: posts small blind $0.50
JQdeN87: posts big blind $1
*** HOLE CARDS ***
AlexPinsk1: raises $1.50 to $2.50
z00mba: folds 
nikalas22: folds 
BGS013: folds 
Unipoker11: folds 
JQdeN87: calls $1.50
*** FLOP *** [2h 7s Kh]
JQdeN87: checks 
AlexPinsk1: bets $3.92
JQdeN87: folds 
Uncalled bet ($3.92) returned to AlexPinsk1
AlexPinsk1 collected $5.22 from pot
AlexPinsk1: doesn't show hand 
*** SUMMARY ***
Total pot $5.50 | Rake $0.28 
Board [2h 7s Kh]
Seat 1: BGS013 (button) folded before Flop (didn't bet)
Seat 2: Unipoker11 (small blind) folded before Flop
Seat 3: JQdeN87 (big blind) folded on the Flop
Seat 4: AlexPinsk1 collected ($5.22)
Seat 5: z00mba folded before Flop (didn't bet)
Seat 6: nikalas22 folded before Flop (didn't bet)



PokerStars Hand #254490281697:  Hold'em No Limit ($0.50/$1.00 USD) - 2025/01/21 21:30:03 WET [2025/01/21 16:30:03 ET]
Table 'Florentina IV' 6-max Seat #2 is the button
Seat 1: BGS013 ($176.04 in chips) 
Seat 2: Unipoker11 ($100 in chips) 
Seat 3: JQdeN87 ($101.30 in chips) 
Seat 4: AlexPinsk1 ($104.22 in chips) 
Seat 5: z00mba ($100 in chips) 
Seat 6: nikalas22 ($111.22 in chips) 
JQdeN87: posts small blind $0.50
AlexPinsk1: posts big blind $1
*** HOLE CARDS ***
z00mba: raises $1.50 to $2.50
nikalas22: raises $5.50 to $8
BGS013: folds 
Unipoker11: folds 
JQdeN87: folds 
AlexPinsk1: folds 
z00mba: folds 
Uncalled bet ($5.50) returned to nikalas22
nikalas22 collected $6.50 from pot
nikalas22: doesn't show hand 
*** SUMMARY ***
Total pot $6.50 | Rake $0 
Seat 1: BGS013 folded before Flop (didn't bet)
Seat 2: Unipoker11 (button) folded before Flop (didn't bet)
Seat 3: JQdeN87 (small blind) folded before Flop
Seat 4: AlexPinsk1 (big blind) folded before Flop
Seat 5: z00mba folded before Flop
Seat 6: nikalas22 collected ($6.50)



PokerStars Hand #254490290423:  Hold'em No Limit ($0.50/$1.00 USD) - 2025/01/21 21:30:32 WET [2025/01/21 16:30:32 ET]
Table 'Florentina IV' 6-max Seat #3 is the button
Seat 1: BGS013 ($176.04 in chips) 
Seat 2: Unipoker11 ($100 in chips) 
Seat 3: JQdeN87 ($100.80 in chips) 
Seat 4: AlexPinsk1 ($103.22 in chips) 
Seat 5: z00mba ($100 in chips) 
Seat 6: nikalas22 ($115.22 in chips) 
AlexPinsk1: posts small blind $0.50
z00mba: posts big blind $1
*** HOLE CARDS ***
nikalas22: raises $1.50 to $2.50
BGS013: folds 
Unipoker11: folds 
JQdeN87: folds 
AlexPinsk1: folds 
z00mba: folds 
Uncalled bet ($1.50) returned to nikalas22
nikalas22 collected $2.50 from pot
nikalas22: doesn't show hand 
*** SUMMARY ***
Total pot $2.50 | Rake $0 
Seat 1: BGS013 folded before Flop (didn't bet)
Seat 2: Unipoker11 folded before Flop (didn't bet)
Seat 3: JQdeN87 (button) folded before Flop (didn't bet)
Seat 4: AlexPinsk1 (small blind) folded before Flop
Seat 5: z00mba (big blind) folded before Flop
Seat 6: nikalas22 collected ($2.50)



PokerStars Hand #254490300280:  Hold'em No Limit ($0.50/$1.00 USD) - 2025/01/21 21:31:05 WET [2025/01/21 16:31:05 ET]
Table 'Florentina IV' 6-max Seat #4 is the button
Seat 1: BGS013 ($176.04 in chips) 
Seat 2: Unipoker11 ($100 in chips) 
Seat 3: JQdeN87 ($100.80 in chips) 
Seat 4: AlexPinsk1 ($102.72 in chips) 
Seat 5: z00mba ($100 in chips) 
Seat 6: nikalas22 ($116.72 in chips) 
z00mba: posts small blind $0.50
nikalas22: posts big blind $1
*** HOLE CARDS ***
BGS013: folds 
Unipoker11: folds 
JQdeN87: raises $2 to $3
AlexPinsk1: folds 
z00mba: folds 
nikalas22: folds 
Uncalled bet ($2) returned to JQdeN87
JQdeN87 collected $2.50 from pot
JQdeN87: doesn't show hand 
*** SUMMARY ***
Total pot $2.50 | Rake $0 
Seat 1: BGS013 folded before Flop (didn't bet)
Seat 2: Unipoker11 folded before Flop (didn't bet)
Seat 3: JQdeN87 collected ($2.50)
Seat 4: AlexPinsk1 (button) folded before Flop (didn't bet)
Seat 5: z00mba (small blind) folded before Flop
Seat 6: nikalas22 (big blind) folded before Flop



PokerStars Hand #254490307657:  Hold'em No Limit ($0.50/$1.00 USD) - 2025/01/21 21:31:29 WET [2025/01/21 16:31:29 ET]
Table 'Florentina IV' 6-max Seat #5 is the button
Seat 1: BGS013 ($176.04 in chips) 
Seat 2: Unipoker11 ($100 in chips) 
Seat 3: JQdeN87 ($102.30 in chips) 
Seat 4: AlexPinsk1 ($102.72 in chips) 
Seat 5: z00mba ($100 in chips) 
Seat 6: nikalas22 ($115.72 in chips) 
nikalas22: posts small blind $0.50
BGS013: posts big blind $1
*** HOLE CARDS ***
Unipoker11: raises $1 to $2
JQdeN87: folds 
AlexPinsk1: folds 
z00mba: folds 
nikalas22: folds 
BGS013: raises $8 to $10
Unipoker11: folds 
Uncalled bet ($8) returned to BGS013
BGS013 collected $4.50 from pot
BGS013: doesn't show hand 
*** SUMMARY ***
Total pot $4.50 | Rake $0 
Seat 1: BGS013 (big blind) collected ($4.50)
Seat 2: Unipoker11 folded before Flop
Seat 3: JQdeN87 folded before Flop (didn't bet)
Seat 4: AlexPinsk1 folded before Flop (didn't bet)
Seat 5: z00mba (button) folded before Flop (didn't bet)
Seat 6: nikalas22 (small blind) folded before Flop



PokerStars Hand #254490313823:  Hold'em No Limit ($0.50/$1.00 USD) - 2025/01/21 21:31:49 WET [2025/01/21 16:31:49 ET]
Table 'Florentina IV' 6-max Seat #6 is the button
Seat 2: Unipoker11 ($100 in chips) is sitting out
Seat 1: BGS013 ($178.54 in chips) 
Seat 3: JQdeN87 ($102.30 in chips) 
Seat 4: AlexPinsk1 ($102.72 in chips) 
Seat 5: z00mba ($100 in chips) 
Seat 6: nikalas22 ($115.22 in chips) 
BGS013: posts small blind $0.50
Unipoker11: is sitting out 
JQdeN87: posts big blind $1
*** HOLE CARDS ***
Unipoker11 leaves the table
AlexPinsk1: folds 
z00mba: folds 
IREQO joins the table at seat #2 
nikalas22: folds 
BGS013: raises $2 to $3
JQdeN87: folds 
Uncalled bet ($2) returned to BGS013
BGS013 collected $2 from pot
BGS013: doesn't show hand 
*** SUMMARY ***
Total pot $2 | Rake $0 
Seat 2: Unipoker11
Seat 1: BGS013 (small blind) collected ($2)
Seat 3: JQdeN87 (big blind) folded before Flop
Seat 4: AlexPinsk1 folded before Flop (didn't bet)
Seat 5: z00mba folded before Flop (didn't bet)
Seat 6: nikalas22 (button) folded before Flop (didn't bet)



PokerStars Hand #254490321983:  Hold'em No Limit ($0.50/$1.00 USD) - 2025/01/21 21:32:16 WET [2025/01/21 16:32:16 ET]
Table 'Florentina IV' 6-max Seat #1 is the button
Seat 2: IREQO ($89.24 in chips) is sitting out
Seat 1: BGS013 ($179.54 in chips) 
Seat 3: JQdeN87 ($101.30 in chips) 
Seat 4: AlexPinsk1 ($102.72 in chips) 
Seat 5: z00mba ($100 in chips) 
Seat 6: nikalas22 ($115.22 in chips) 
JQdeN87: posts small blind $0.50
AlexPinsk1: posts big blind $1
*** HOLE CARDS ***
z00mba: folds 
nikalas22: raises $1.50 to $2.50
BGS013: folds 
JQdeN87: folds 
AlexPinsk1: folds 
Uncalled bet ($1.50) returned to nikalas22
nikalas22 collected $2.50 from pot
nikalas22: doesn't show hand 
*** SUMMARY ***
Total pot $2.50 | Rake $0 
Seat 2: IREQO
Seat 1: BGS013 (button) folded before Flop (didn't bet)
Seat 3: JQdeN87 (small blind) folded before Flop
Seat 4: AlexPinsk1 (big blind) folded before Flop
Seat 5: z00mba folded before Flop (didn't bet)
Seat 6: nikalas22 collected ($2.50)



PokerStars Hand #254490325301:  Hold'em No Limit ($0.50/$1.00 USD) - 2025/01/21 21:32:27 WET [2025/01/21 16:32:27 ET]
Table 'Florentina IV' 6-max Seat #3 is the button
Seat 2: IREQO ($89.24 in chips) is sitting out
Seat 1: BGS013 ($179.54 in chips) 
Seat 3: JQdeN87 ($100.80 in chips) 
Seat 4: AlexPinsk1 ($101.72 in chips) 
Seat 5: z00mba ($100 in chips) 
Seat 6: nikalas22 ($116.72 in chips) 
AlexPinsk1: posts small blind $0.50
z00mba: posts big blind $1
IREQO: sits out 
*** HOLE CARDS ***
nikalas22: folds 
BGS013: folds 
JQdeN87: raises $2 to $3
AlexPinsk1: folds 
z00mba: folds 
Uncalled bet ($2) returned to JQdeN87
JQdeN87 collected $2.50 from pot
JQdeN87: doesn't show hand 
*** SUMMARY ***
Total pot $2.50 | Rake $0 
Seat 2: IREQO
Seat 1: BGS013 folded before Flop (didn't bet)
Seat 3: JQdeN87 (button) collected ($2.50)
Seat 4: AlexPinsk1 (small blind) folded before Flop
Seat 5: z00mba (big blind) folded before Flop
Seat 6: nikalas22 folded before Flop (didn't bet)



PokerStars Hand #254490329555:  Hold'em No Limit ($0.50/$1.00 USD) - 2025/01/21 21:32:41 WET [2025/01/21 16:32:41 ET]
Table 'Florentina IV' 6-max Seat #4 is the button
Seat 2: IREQO ($89.24 in chips) is sitting out
Seat 1: BGS013 ($179.54 in chips) 
Seat 3: JQdeN87 ($102.30 in chips) 
Seat 4: AlexPinsk1 ($101.22 in chips) 
Seat 5: z00mba ($100 in chips) 
Seat 6: nikalas22 ($116.72 in chips) 
z00mba: posts small blind $0.50
nikalas22: posts big blind $1
IREQO: sits out 
*** HOLE CARDS ***
BGS013: folds 
JQdeN87: raises $2 to $3
AlexPinsk1: raises $6 to $9
z00mba: folds 
nikalas22: folds 
JQdeN87: calls $6
*** FLOP *** [Kc Qd 7c]
JQdeN87: bets $10
AlexPinsk1: folds 
Uncalled bet ($10) returned to JQdeN87
JQdeN87 collected $18.52 from pot
JQdeN87: doesn't show hand 
*** SUMMARY ***
Total pot $19.50 | Rake $0.98 
Board [Kc Qd 7c]
Seat 2: IREQO
Seat 1: BGS013 folded before Flop (didn't bet)
Seat 3: JQdeN87 collected ($18.52)
Seat 4: AlexPinsk1 (button) folded on the Flop
Seat 5: z00mba (small blind) folded before Flop
Seat 6: nikalas22 (big blind) folded before Flop



PokerStars Hand #254490341422:  Hold'em No Limit ($0.50/$1.00 USD) - 2025/01/21 21:33:20 WET [2025/01/21 16:33:20 ET]
Table 'Florentina IV' 6-max Seat #5 is the button
Seat 2: IREQO ($89.24 in chips) is sitting out
Seat 1: BGS013 ($179.54 in chips) 
Seat 3: JQdeN87 ($111.82 in chips) 
Seat 4: AlexPinsk1 ($100 in chips) 
Seat 5: z00mba ($100 in chips) 
Seat 6: nikalas22 ($115.72 in chips) 
nikalas22: posts small blind $0.50
BGS013: posts big blind $1
IREQO: sits out 
*** HOLE CARDS ***
JQdeN87: folds 
AlexPinsk1: raises $1.50 to $2.50
z00mba: folds 
nikalas22: folds 
BGS013: calls $1.50
*** FLOP *** [Kc Jh Ad]
BGS013: checks 
AlexPinsk1: checks 
*** TURN *** [Kc Jh Ad] [Jd]
BGS013: checks 
AlexPinsk1: checks 
*** RIVER *** [Kc Jh Ad Jd] [4h]
BGS013: bets $1.36
AlexPinsk1: raises $2.64 to $4
BGS013: calls $2.64
*** SHOW DOWN ***
AlexPinsk1: shows [Ah 7h] (two pair, Aces and Jacks)
BGS013: shows [4s As] (two pair, Aces and Jacks)
BGS013 collected $6.41 from pot
AlexPinsk1 collected $6.41 from pot
*** SUMMARY ***
Total pot $13.50 | Rake $0.68 
Board [Kc Jh Ad Jd 4h]
Seat 2: IREQO
Seat 1: BGS013 (big blind) showed [4s As] and won ($6.41) with two pair, Aces and Jacks
Seat 3: JQdeN87 folded before Flop (didn't bet)
Seat 4: AlexPinsk1 showed [Ah 7h] and won ($6.41) with two pair, Aces and Jacks
Seat 5: z00mba (button) folded before Flop (didn't bet)
Seat 6: nikalas22 (small blind) folded before Flop



PokerStars Hand #254490360861:  Hold'em No Limit ($0.50/$1.00 USD) - 2025/01/21 21:34:25 WET [2025/01/21 16:34:25 ET]
Table 'Florentina IV' 6-max Seat #6 is the button
Seat 1: BGS013 ($179.45 in chips) 
Seat 2: IREQO ($89.24 in chips) 
Seat 3: JQdeN87 ($111.82 in chips) 
Seat 4: AlexPinsk1 ($100 in chips) 
Seat 5: z00mba ($100 in chips) 
Seat 6: nikalas22 ($115.22 in chips) 
BGS013: posts small blind $0.50
IREQO: posts big blind $1
*** HOLE CARDS ***
JQdeN87: raises $2 to $3
AlexPinsk1: folds 
z00mba: folds 
nikalas22: folds 
BGS013: folds 
IREQO: folds 
Uncalled bet ($2) returned to JQdeN87
JQdeN87 collected $2.50 from pot
JQdeN87: doesn't show hand 
*** SUMMARY ***
Total pot $2.50 | Rake $0 
Seat 1: BGS013 (small blind) folded before Flop
Seat 2: IREQO (big blind) folded before Flop
Seat 3: JQdeN87 collected ($2.50)
Seat 4: AlexPinsk1 folded before Flop (didn't bet)
Seat 5: z00mba folded before Flop (didn't bet)
Seat 6: nikalas22 (button) folded before Flop (didn't bet)



PokerStars Hand #254490364834:  Hold'em No Limit ($0.50/$1.00 USD) - 2025/01/21 21:34:39 WET [2025/01/21 16:34:39 ET]
Table 'Florentina IV' 6-max Seat #1 is the button
Seat 1: BGS013 ($178.95 in chips) 
Seat 2: IREQO ($88.24 in chips) 
Seat 3: JQdeN87 ($113.32 in chips) 
Seat 4: AlexPinsk1 ($100 in chips) 
Seat 5: z00mba ($100 in chips) 
Seat 6: nikalas22 ($115.22 in chips) 
IREQO: posts small blind $0.50
JQdeN87: posts big blind $1
*** HOLE CARDS ***
AlexPinsk1: folds 
z00mba: folds 
nikalas22: folds 
BGS013: raises $1.50 to $2.50
IREQO: folds 
JQdeN87: calls $1.50
*** FLOP *** [Qd 4h 2h]
JQdeN87: checks 
BGS013: bets $1.36
JQdeN87: calls $1.36
*** TURN *** [Qd 4h 2h] [Ts]
JQdeN87: checks 
BGS013: checks 
*** RIVER *** [Qd 4h 2h Ts] [Qs]
JQdeN87: bets $5
BGS013: folds 
Uncalled bet ($5) returned to JQdeN87
JQdeN87 collected $7.81 from pot
JQdeN87: doesn't show hand 
*** SUMMARY ***
Total pot $8.22 | Rake $0.41 
Board [Qd 4h 2h Ts Qs]
Seat 1: BGS013 (button) folded on the River
Seat 2: IREQO (small blind) folded before Flop
Seat 3: JQdeN87 (big blind) collected ($7.81)
Seat 4: AlexPinsk1 folded before Flop (didn't bet)
Seat 5: z00mba folded before Flop (didn't bet)
Seat 6: nikalas22 folded before Flop (didn't bet)



PokerStars Hand #254490386939:  Hold'em No Limit ($0.50/$1.00 USD) - 2025/01/21 21:35:52 WET [2025/01/21 16:35:52 ET]
Table 'Florentina IV' 6-max Seat #2 is the button
Seat 1: BGS013 ($175.09 in chips) 
Seat 2: IREQO ($87.74 in chips) 
Seat 3: JQdeN87 ($117.27 in chips) 
Seat 4: AlexPinsk1 ($100 in chips) 
Seat 5: z00mba ($100 in chips) 
Seat 6: nikalas22 ($115.22 in chips) 
JQdeN87: posts small blind $0.50
AlexPinsk1: posts big blind $1
*** HOLE CARDS ***
z00mba: folds 
nikalas22: raises $1.50 to $2.50
BGS013: folds 
IREQO: folds 
JQdeN87: calls $2
AlexPinsk1: folds 
*** FLOP *** [4c 6d 4d]
JQdeN87: checks 
nikalas22: checks 
*** TURN *** [4c 6d 4d] [8s]
JQdeN87: bets $4
nikalas22: calls $4
*** RIVER *** [4c 6d 4d 8s] [9s]
JQdeN87: checks 
nikalas22: bets $19.95
JQdeN87: folds 
Uncalled bet ($19.95) returned to nikalas22
nikalas22 collected $13.30 from pot
nikalas22: doesn't show hand 
*** SUMMARY ***
Total pot $14 | Rake $0.70 
Board [4c 6d 4d 8s 9s]
Seat 1: BGS013 folded before Flop (didn't bet)
Seat 2: IREQO (button) folded before Flop (didn't bet)
Seat 3: JQdeN87 (small blind) folded on the River
Seat 4: AlexPinsk1 (big blind) folded before Flop
Seat 5: z00mba folded before Flop (didn't bet)
Seat 6: nikalas22 collected ($13.30)



PokerStars Hand #254490401555:  Hold'em No Limit ($0.50/$1.00 USD) - 2025/01/21 21:36:40 WET [2025/01/21 16:36:40 ET]
Table 'Florentina IV' 6-max Seat #3 is the button
Seat 1: BGS013 ($175.09 in chips) 
Seat 2: IREQO ($87.74 in chips) 
Seat 3: JQdeN87 ($110.77 in chips) 
Seat 4: AlexPinsk1 ($100 in chips) 
Seat 5: z00mba ($100 in chips) 
Seat 6: nikalas22 ($122.02 in chips) 
AlexPinsk1: posts small blind $0.50
z00mba: posts big blind $1
*** HOLE CARDS ***
nikalas22: raises $1.50 to $2.50
BGS013: folds 
IREQO: folds 
JQdeN87: folds 
AlexPinsk1: folds 
z00mba: folds 
Uncalled bet ($1.50) returned to nikalas22
nikalas22 collected $2.50 from pot
nikalas22: doesn't show hand 
*** SUMMARY ***
Total pot $2.50 | Rake $0 
Seat 1: BGS013 folded before Flop (didn't bet)
Seat 2: IREQO folded before Flop (didn't bet)
Seat 3: JQdeN87 (button) folded before Flop (didn't bet)
Seat 4: AlexPinsk1 (small blind) folded before Flop
Seat 5: z00mba (big blind) folded before Flop
Seat 6: nikalas22 collected ($2.50)



PokerStars Hand #254490405594:  Hold'em No Limit ($0.50/$1.00 USD) - 2025/01/21 21:36:53 WET [2025/01/21 16:36:53 ET]
Table 'Florentina IV' 6-max Seat #4 is the button
Seat 1: BGS013 ($175.09 in chips) 
Seat 2: IREQO ($87.74 in chips) 
Seat 3: JQdeN87 ($110.77 in chips) 
Seat 4: AlexPinsk1 ($100 in chips) 
Seat 5: z00mba ($100 in chips) 
Seat 6: nikalas22 ($123.52 in chips) 
z00mba: posts small blind $0.50
nikalas22: posts big blind $1
*** HOLE CARDS ***
BGS013: folds 
IREQO: folds 
JQdeN87: folds 
AlexPinsk1: raises $1.50 to $2.50
z00mba: folds 
nikalas22: calls $1.50
*** FLOP *** [3s 8h 6h]
nikalas22: checks 
AlexPinsk1: bets $3.92
nikalas22: folds 
Uncalled bet ($3.92) returned to AlexPinsk1
AlexPinsk1 collected $5.22 from pot
AlexPinsk1: doesn't show hand 
*** SUMMARY ***
Total pot $5.50 | Rake $0.28 
Board [3s 8h 6h]
Seat 1: BGS013 folded before Flop (didn't bet)
Seat 2: IREQO folded before Flop (didn't bet)
Seat 3: JQdeN87 folded before Flop (didn't bet)
Seat 4: AlexPinsk1 (button) collected ($5.22)
Seat 5: z00mba (small blind) folded before Flop
Seat 6: nikalas22 (big blind) folded on the Flop



PokerStars Hand #254490416572:  Hold'em No Limit ($0.50/$1.00 USD) - 2025/01/21 21:37:30 WET [2025/01/21 16:37:30 ET]
Table 'Florentina IV' 6-max Seat #5 is the button
Seat 1: BGS013 ($175.09 in chips) 
Seat 2: IREQO ($87.74 in chips) 
Seat 3: JQdeN87 ($110.77 in chips) 
Seat 4: AlexPinsk1 ($102.72 in chips) 
Seat 5: z00mba ($100 in chips) 
Seat 6: nikalas22 ($121.02 in chips) 
nikalas22: posts small blind $0.50
BGS013: posts big blind $1
*** HOLE CARDS ***
IREQO: folds 
JQdeN87: raises $2 to $3
AlexPinsk1: folds 
z00mba: folds 
nikalas22: folds 
BGS013: folds 
Uncalled bet ($2) returned to JQdeN87
JQdeN87 collected $2.50 from pot
JQdeN87: doesn't show hand 
*** SUMMARY ***
Total pot $2.50 | Rake $0 
Seat 1: BGS013 (big blind) folded before Flop
Seat 2: IREQO folded before Flop (didn't bet)
Seat 3: JQdeN87 collected ($2.50)
Seat 4: AlexPinsk1 folded before Flop (didn't bet)
Seat 5: z00mba (button) folded before Flop (didn't bet)
Seat 6: nikalas22 (small blind) folded before Flop



PokerStars Hand #254490424312:  Hold'em No Limit ($0.50/$1.00 USD) - 2025/01/21 21:37:56 WET [2025/01/21 16:37:56 ET]
Table 'Florentina IV' 6-max Seat #6 is the button
Seat 2: IREQO ($87.74 in chips) is sitting out
Seat 1: BGS013 ($174.09 in chips) 
Seat 3: JQdeN87 ($112.27 in chips) 
Seat 4: AlexPinsk1 ($102.72 in chips) 
Seat 5: z00mba ($100 in chips) 
Seat 6: nikalas22 ($120.52 in chips) 
BGS013: posts small blind $0.50
IREQO: is sitting out 
JQdeN87: posts big blind $1
*** HOLE CARDS ***
AlexPinsk1: raises $1.50 to $2.50
z00mba: folds 
nikalas22: folds 
BGS013: folds 
JQdeN87: calls $1.50
*** FLOP *** [6c Td 7h]
JQdeN87: checks 
AlexPinsk1: checks 
*** TURN *** [6c Td 7h] [Tc]
JQdeN87: bets $4
IREQO leaves the table
AlexPinsk1: folds 
Uncalled bet ($4) returned to JQdeN87
JQdeN87 collected $5.22 from pot
JQdeN87: doesn't show hand 
*** SUMMARY ***
Total pot $5.50 | Rake $0.28 
Board [6c Td 7h Tc]
Seat 2: IREQO
Seat 1: BGS013 (small blind) folded before Flop
Seat 3: JQdeN87 (big blind) collected ($5.22)
Seat 4: AlexPinsk1 folded on the Turn
Seat 5: z00mba folded before Flop (didn't bet)
Seat 6: nikalas22 (button) folded before Flop (didn't bet)



PokerStars Hand #254490439638:  Hold'em No Limit ($0.50/$1.00 USD) - 2025/01/21 21:38:46 WET [2025/01/21 16:38:46 ET]
Table 'Florentina IV' 6-max Seat #1 is the button
Seat 1: BGS013 ($173.59 in chips) 
Seat 3: JQdeN87 ($114.99 in chips) 
Seat 4: AlexPinsk1 ($100.22 in chips) 
Seat 5: z00mba ($100 in chips) 
Seat 6: nikalas22 ($120.52 in chips) 
JQdeN87: posts small blind $0.50
AlexPinsk1: posts big blind $1
*** HOLE CARDS ***
z00mba: folds 
Joe_Li7 joins the table at seat #2 
nikalas22: folds 
BGS013: folds 
JQdeN87: raises $2 to $3
AlexPinsk1: calls $2
*** FLOP *** [Kh As 8c]
JQdeN87: bets $4
AlexPinsk1: calls $4
*** TURN *** [Kh As 8c] [5d]
JQdeN87: checks 
AlexPinsk1: bets $9.98
JQdeN87: folds 
Uncalled bet ($9.98) returned to AlexPinsk1
AlexPinsk1 collected $13.30 from pot
AlexPinsk1: doesn't show hand 
*** SUMMARY ***
Total pot $14 | Rake $0.70 
Board [Kh As 8c 5d]
Seat 1: BGS013 (button) folded before Flop (didn't bet)
Seat 3: JQdeN87 (small blind) folded on the Turn
Seat 4: AlexPinsk1 (big blind) collected ($13.30)
Seat 5: z00mba folded before Flop (didn't bet)
Seat 6: nikalas22 folded before Flop (didn't bet)



PokerStars Hand #254490453088:  Hold'em No Limit ($0.50/$1.00 USD) - 2025/01/21 21:39:32 WET [2025/01/21 16:39:32 ET]
Table 'Florentina IV' 6-max Seat #3 is the button
Seat 2: Joe_Li7 ($100 in chips) is sitting out
Seat 1: BGS013 ($173.59 in chips) 
Seat 3: JQdeN87 ($107.99 in chips) 
Seat 4: AlexPinsk1 ($106.52 in chips) 
Seat 5: z00mba ($100 in chips) 
Seat 6: nikalas22 ($120.52 in chips) 
AlexPinsk1: posts small blind $0.50
z00mba: posts big blind $1
Joe_Li7: sits out 
*** HOLE CARDS ***
nikalas22: folds 
BGS013: folds 
JQdeN87: raises $2 to $3
AlexPinsk1: folds 
z00mba: folds 
Uncalled bet ($2) returned to JQdeN87
JQdeN87 collected $2.50 from pot
JQdeN87: doesn't show hand 
*** SUMMARY ***
Total pot $2.50 | Rake $0 
Seat 2: Joe_Li7
Seat 1: BGS013 folded before Flop (didn't bet)
Seat 3: JQdeN87 (button) collected ($2.50)
Seat 4: AlexPinsk1 (small blind) folded before Flop
Seat 5: z00mba (big blind) folded before Flop
Seat 6: nikalas22 folded before Flop (didn't bet)



PokerStars Hand #254490459039:  Hold'em No Limit ($0.50/$1.00 USD) - 2025/01/21 21:39:51 WET [2025/01/21 16:39:51 ET]
Table 'Florentina IV' 6-max Seat #4 is the button
Seat 2: Joe_Li7 ($100 in chips) is sitting out
Seat 1: BGS013 ($173.59 in chips) 
Seat 3: JQdeN87 ($109.49 in chips) 
Seat 4: AlexPinsk1 ($106.02 in chips) 
Seat 5: z00mba ($100 in chips) 
Seat 6: nikalas22 ($120.52 in chips) 
z00mba: posts small blind $0.50
nikalas22: posts big blind $1
Joe_Li7: sits out 
*** HOLE CARDS ***
BGS013: folds 
JQdeN87: raises $2 to $3
AlexPinsk1: folds 
z00mba: folds 
nikalas22: folds 
Uncalled bet ($2) returned to JQdeN87
JQdeN87 collected $2.50 from pot
JQdeN87: doesn't show hand 
*** SUMMARY ***
Total pot $2.50 | Rake $0 
Seat 2: Joe_Li7
Seat 1: BGS013 folded before Flop (didn't bet)
Seat 3: JQdeN87 collected ($2.50)
Seat 4: AlexPinsk1 (button) folded before Flop (didn't bet)
Seat 5: z00mba (small blind) folded before Flop
Seat 6: nikalas22 (big blind) folded before Flop



PokerStars Hand #254490465832:  Hold'em No Limit ($0.50/$1.00 USD) - 2025/01/21 21:40:14 WET [2025/01/21 16:40:14 ET]
Table 'Florentina IV' 6-max Seat #5 is the button
Seat 2: Joe_Li7 ($100 in chips) is sitting out
Seat 1: BGS013 ($173.59 in chips) 
Seat 3: JQdeN87 ($110.99 in chips) 
Seat 4: AlexPinsk1 ($106.02 in chips) 
Seat 5: z00mba ($100 in chips) 
Seat 6: nikalas22 ($119.52 in chips) 
nikalas22: posts small blind $0.50
BGS013: posts big blind $1
Joe_Li7: sits out 
*** HOLE CARDS ***
JQdeN87: folds 
AlexPinsk1: raises $1.50 to $2.50
z00mba: folds 
nikalas22: folds 
BGS013: folds 
Uncalled bet ($1.50) returned to AlexPinsk1
AlexPinsk1 collected $2.50 from pot
AlexPinsk1: doesn't show hand 
*** SUMMARY ***
Total pot $2.50 | Rake $0 
Seat 2: Joe_Li7
Seat 1: BGS013 (big blind) folded before Flop
Seat 3: JQdeN87 folded before Flop (didn't bet)
Seat 4: AlexPinsk1 collected ($2.50)
Seat 5: z00mba (button) folded before Flop (didn't bet)
Seat 6: nikalas22 (small blind) folded before Flop



PokerStars Hand #254490472905:  Hold'em No Limit ($0.50/$1.00 USD) - 2025/01/21 21:40:37 WET [2025/01/21 16:40:37 ET]
Table 'Florentina IV' 6-max Seat #6 is the button
Seat 1: BGS013 ($172.59 in chips) 
Seat 2: Joe_Li7 ($100 in chips) 
Seat 3: JQdeN87 ($110.99 in chips) 
Seat 4: AlexPinsk1 ($107.52 in chips) 
Seat 5: z00mba ($100 in chips) 
Seat 6: nikalas22 ($119.02 in chips) 
BGS013: posts small blind $0.50
Joe_Li7: posts big blind $1
*** HOLE CARDS ***
JQdeN87: raises $2 to $3
AlexPinsk1: folds 
z00mba: folds 
nikalas22: folds 
BGS013: folds 
Joe_Li7: folds 
Uncalled bet ($2) returned to JQdeN87
JQdeN87 collected $2.50 from pot
JQdeN87: doesn't show hand 
*** SUMMARY ***
Total pot $2.50 | Rake $0 
Seat 1: BGS013 (small blind) folded before Flop
Seat 2: Joe_Li7 (big blind) folded before Flop
Seat 3: JQdeN87 collected ($2.50)
Seat 4: AlexPinsk1 folded before Flop (didn't bet)
Seat 5: z00mba folded before Flop (didn't bet)
Seat 6: nikalas22 (button) folded before Flop (didn't bet)



PokerStars Hand #254490477394:  Hold'em No Limit ($0.50/$1.00 USD) - 2025/01/21 21:40:52 WET [2025/01/21 16:40:52 ET]
Table 'Florentina IV' 6-max Seat #1 is the button
Seat 1: BGS013 ($172.09 in chips) 
Seat 2: Joe_Li7 ($100 in chips) 
Seat 3: JQdeN87 ($112.49 in chips) 
Seat 4: AlexPinsk1 ($107.52 in chips) 
Seat 5: z00mba ($100 in chips) 
Seat 6: nikalas22 ($119.02 in chips) 
Joe_Li7: posts small blind $0.50
JQdeN87: posts big blind $1
*** HOLE CARDS ***
AlexPinsk1: folds 
z00mba: folds 
nikalas22: folds 
BGS013: raises $1.50 to $2.50
Joe_Li7: folds 
JQdeN87: calls $1.50
*** FLOP *** [Qd 5h 9c]
JQdeN87: checks 
BGS013: bets $1.36
JQdeN87: raises $3.64 to $5
BGS013: calls $3.64
*** TURN *** [Qd 5h 9c] [Jd]
JQdeN87: bets $9
BGS013: folds 
Uncalled bet ($9) returned to JQdeN87
JQdeN87 collected $14.72 from pot
JQdeN87: doesn't show hand 
*** SUMMARY ***
Total pot $15.50 | Rake $0.78 
Board [Qd 5h 9c Jd]
Seat 1: BGS013 (button) folded on the Turn
Seat 2: Joe_Li7 (small blind) folded before Flop
Seat 3: JQdeN87 (big blind) collected ($14.72)
Seat 4: AlexPinsk1 folded before Flop (didn't bet)
Seat 5: z00mba folded before Flop (didn't bet)
Seat 6: nikalas22 folded before Flop (didn't bet)



PokerStars Hand #254490490479:  Hold'em No Limit ($0.50/$1.00 USD) - 2025/01/21 21:41:37 WET [2025/01/21 16:41:37 ET]
Table 'Florentina IV' 6-max Seat #2 is the button
Seat 1: BGS013 ($164.59 in chips) 
Seat 2: Joe_Li7 ($100 in chips) 
Seat 3: JQdeN87 ($119.71 in chips) 
Seat 4: AlexPinsk1 ($107.52 in chips) 
Seat 5: z00mba ($100 in chips) 
Seat 6: nikalas22 ($119.02 in chips) 
JQdeN87: posts small blind $0.50
AlexPinsk1: posts big blind $1
*** HOLE CARDS ***
z00mba: folds 
nikalas22: raises $1.50 to $2.50
BGS013: folds 
Joe_Li7: folds 
JQdeN87: folds 
AlexPinsk1: folds 
Uncalled bet ($1.50) returned to nikalas22
nikalas22 collected $2.50 from pot
nikalas22: doesn't show hand 
*** SUMMARY ***
Total pot $2.50 | Rake $0 
Seat 1: BGS013 folded before Flop (didn't bet)
Seat 2: Joe_Li7 (button) folded before Flop (didn't bet)
Seat 3: JQdeN87 (small blind) folded before Flop
Seat 4: AlexPinsk1 (big blind) folded before Flop
Seat 5: z00mba folded before Flop (didn't bet)
Seat 6: nikalas22 collected ($2.50)



PokerStars Hand #254490497142:  Hold'em No Limit ($0.50/$1.00 USD) - 2025/01/21 21:41:59 WET [2025/01/21 16:41:59 ET]
Table 'Florentina IV' 6-max Seat #3 is the button
Seat 1: BGS013 ($164.59 in chips) 
Seat 2: Joe_Li7 ($100 in chips) 
Seat 3: JQdeN87 ($119.21 in chips) 
Seat 4: AlexPinsk1 ($106.52 in chips) 
Seat 5: z00mba ($100 in chips) 
Seat 6: nikalas22 ($120.52 in chips) 
AlexPinsk1: posts small blind $0.50
z00mba: posts big blind $1
*** HOLE CARDS ***
nikalas22: folds 
BGS013: folds 
Joe_Li7: raises $1.20 to $2.20
JQdeN87 has timed out
JQdeN87: folds 
AlexPinsk1: folds 
z00mba: folds 
Uncalled bet ($1.20) returned to Joe_Li7
Joe_Li7 collected $2.50 from pot
*** SUMMARY ***
Total pot $2.50 | Rake $0 
Seat 1: BGS013 folded before Flop (didn't bet)
Seat 2: Joe_Li7 collected ($2.50)
Seat 3: JQdeN87 (button) folded before Flop (didn't bet)
Seat 4: AlexPinsk1 (small blind) folded before Flop
Seat 5: z00mba (big blind) folded before Flop
Seat 6: nikalas22 folded before Flop (didn't bet)



PokerStars Hand #254490506923:  Hold'em No Limit ($0.50/$1.00 USD) - 2025/01/21 21:42:32 WET [2025/01/21 16:42:32 ET]
Table 'Florentina IV' 6-max Seat #4 is the button
Seat 3: JQdeN87 ($119.21 in chips) is sitting out
Seat 1: BGS013 ($164.59 in chips) 
Seat 2: Joe_Li7 ($101.50 in chips) 
Seat 4: AlexPinsk1 ($106.02 in chips) 
Seat 5: z00mba ($100 in chips) 
Seat 6: nikalas22 ($120.52 in chips) 
z00mba: posts small blind $0.50
nikalas22: posts big blind $1
*** HOLE CARDS ***
BGS013: folds 
Joe_Li7: folds 
AlexPinsk1: folds 
z00mba: raises $2 to $3
nikalas22: calls $2
*** FLOP *** [Qc 6c 4h]
z00mba: checks 
nikalas22: bets $4.28
z00mba: calls $4.28
*** TURN *** [Qc 6c 4h] [2h]
z00mba: checks 
nikalas22: bets $10.37
z00mba: calls $10.37
*** RIVER *** [Qc 6c 4h 2h] [9h]
z00mba: checks 
nikalas22: bets $102.87 and is all-in
z00mba: folds 
Uncalled bet ($102.87) returned to nikalas22
nikalas22 collected $33.54 from pot
nikalas22: doesn't show hand 
*** SUMMARY ***
Total pot $35.30 | Rake $1.76 
Board [Qc 6c 4h 2h 9h]
Seat 3: JQdeN87
Seat 1: BGS013 folded before Flop (didn't bet)
Seat 2: Joe_Li7 folded before Flop (didn't bet)
Seat 4: AlexPinsk1 (button) folded before Flop (didn't bet)
Seat 5: z00mba (small blind) folded on the River
Seat 6: nikalas22 (big blind) collected ($33.54)



PokerStars Hand #254490529285:  Hold'em No Limit ($0.50/$1.00 USD) - 2025/01/21 21:43:47 WET [2025/01/21 16:43:47 ET]
Table 'Florentina IV' 6-max Seat #5 is the button
Seat 1: BGS013 ($164.59 in chips) 
Seat 2: Joe_Li7 ($101.50 in chips) 
Seat 3: JQdeN87 ($119.21 in chips) 
Seat 4: AlexPinsk1 ($106.02 in chips) 
Seat 5: z00mba ($100 in chips) 
Seat 6: nikalas22 ($136.41 in chips) 
nikalas22: posts small blind $0.50
BGS013: posts big blind $1
*** HOLE CARDS ***
Joe_Li7: raises $1.20 to $2.20
JQdeN87: folds 
AlexPinsk1: folds 
z00mba: folds 
nikalas22: folds 
BGS013: folds 
Uncalled bet ($1.20) returned to Joe_Li7
Joe_Li7 collected $2.50 from pot
*** SUMMARY ***
Total pot $2.50 | Rake $0 
Seat 1: BGS013 (big blind) folded before Flop
Seat 2: Joe_Li7 collected ($2.50)
Seat 3: JQdeN87 folded before Flop (didn't bet)
Seat 4: AlexPinsk1 folded before Flop (didn't bet)
Seat 5: z00mba (button) folded before Flop (didn't bet)
Seat 6: nikalas22 (small blind) folded before Flop



PokerStars Hand #254490533441:  Hold'em No Limit ($0.50/$1.00 USD) - 2025/01/21 21:44:01 WET [2025/01/21 16:44:01 ET]
Table 'Florentina IV' 6-max Seat #6 is the button
Seat 1: BGS013 ($163.59 in chips) 
Seat 2: Joe_Li7 ($103 in chips) 
Seat 3: JQdeN87 ($119.21 in chips) 
Seat 4: AlexPinsk1 ($106.02 in chips) 
Seat 5: z00mba ($100 in chips) 
Seat 6: nikalas22 ($135.91 in chips) 
BGS013: posts small blind $0.50
Joe_Li7: posts big blind $1
*** HOLE CARDS ***
JQdeN87: folds 
AlexPinsk1: raises $1.50 to $2.50
z00mba: folds 
nikalas22: folds 
BGS013: folds 
Joe_Li7: folds 
Uncalled bet ($1.50) returned to AlexPinsk1
AlexPinsk1 collected $2.50 from pot
AlexPinsk1: doesn't show hand 
*** SUMMARY ***
Total pot $2.50 | Rake $0 
Seat 1: BGS013 (small blind) folded before Flop
Seat 2: Joe_Li7 (big blind) folded before Flop
Seat 3: JQdeN87 folded before Flop (didn't bet)
Seat 4: AlexPinsk1 collected ($2.50)
Seat 5: z00mba folded before Flop (didn't bet)
Seat 6: nikalas22 (button) folded before Flop (didn't bet)



PokerStars Hand #254490540863:  Hold'em No Limit ($0.50/$1.00 USD) - 2025/01/21 21:44:26 WET [2025/01/21 16:44:26 ET]
Table 'Florentina IV' 6-max Seat #1 is the button
Seat 1: BGS013 ($163.09 in chips) 
Seat 2: Joe_Li7 ($102 in chips) 
Seat 3: JQdeN87 ($119.21 in chips) 
Seat 4: AlexPinsk1 ($107.52 in chips) 
Seat 5: z00mba ($100 in chips) 
Seat 6: nikalas22 ($135.91 in chips) 
Joe_Li7: posts small blind $0.50
JQdeN87: posts big blind $1
*** HOLE CARDS ***
AlexPinsk1: raises $1.50 to $2.50
z00mba: folds 
nikalas22: folds 
BGS013: folds 
Joe_Li7: folds 
JQdeN87: folds 
Uncalled bet ($1.50) returned to AlexPinsk1
AlexPinsk1 collected $2.50 from pot
AlexPinsk1: doesn't show hand 
*** SUMMARY ***
Total pot $2.50 | Rake $0 
Seat 1: BGS013 (button) folded before Flop (didn't bet)
Seat 2: Joe_Li7 (small blind) folded before Flop
Seat 3: JQdeN87 (big blind) folded before Flop
Seat 4: AlexPinsk1 collected ($2.50)
Seat 5: z00mba folded before Flop (didn't bet)
Seat 6: nikalas22 folded before Flop (didn't bet)



PokerStars Hand #254490546829:  Hold'em No Limit ($0.50/$1.00 USD) - 2025/01/21 21:44:46 WET [2025/01/21 16:44:46 ET]
Table 'Florentina IV' 6-max Seat #2 is the button
Seat 1: BGS013 ($163.09 in chips) 
Seat 2: Joe_Li7 ($101.50 in chips) 
Seat 3: JQdeN87 ($118.21 in chips) 
Seat 4: AlexPinsk1 ($109.02 in chips) 
Seat 5: z00mba ($100 in chips) 
Seat 6: nikalas22 ($135.91 in chips) 
JQdeN87: posts small blind $0.50
AlexPinsk1: posts big blind $1
*** HOLE CARDS ***
z00mba: folds 
nikalas22: folds 
BGS013: folds 
Joe_Li7: folds 
JQdeN87: raises $2 to $3
AlexPinsk1: calls $2
*** FLOP *** [8s Js Ks]
JQdeN87: checks 
AlexPinsk1: bets $1.71
JQdeN87: folds 
Uncalled bet ($1.71) returned to AlexPinsk1
AlexPinsk1 collected $5.70 from pot
AlexPinsk1: doesn't show hand 
*** SUMMARY ***
Total pot $6 | Rake $0.30 
Board [8s Js Ks]
Seat 1: BGS013 folded before Flop (didn't bet)
Seat 2: Joe_Li7 (button) folded before Flop (didn't bet)
Seat 3: JQdeN87 (small blind) folded on the Flop
Seat 4: AlexPinsk1 (big blind) collected ($5.70)
Seat 5: z00mba folded before Flop (didn't bet)
Seat 6: nikalas22 folded before Flop (didn't bet)



PokerStars Hand #254490558720:  Hold'em No Limit ($0.50/$1.00 USD) - 2025/01/21 21:45:25 WET [2025/01/21 16:45:25 ET]
Table 'Florentina IV' 6-max Seat #3 is the button
Seat 1: BGS013 ($163.09 in chips) 
Seat 2: Joe_Li7 ($101.50 in chips) 
Seat 3: JQdeN87 ($115.21 in chips) 
Seat 4: AlexPinsk1 ($111.72 in chips) 
Seat 5: z00mba ($100 in chips) 
Seat 6: nikalas22 ($135.91 in chips) 
AlexPinsk1: posts small blind $0.50
z00mba: posts big blind $1
*** HOLE CARDS ***
nikalas22: folds 
BGS013: folds 
Joe_Li7: folds 
JQdeN87: folds 
AlexPinsk1: folds 
Uncalled bet ($0.50) returned to z00mba
z00mba collected $1 from pot
z00mba: doesn't show hand 
*** SUMMARY ***
Total pot $1 | Rake $0 
Seat 1: BGS013 folded before Flop (didn't bet)
Seat 2: Joe_Li7 folded before Flop (didn't bet)
Seat 3: JQdeN87 (button) folded before Flop (didn't bet)
Seat 4: AlexPinsk1 (small blind) folded before Flop
Seat 5: z00mba (big blind) collected ($1)
Seat 6: nikalas22 folded before Flop (didn't bet)



PokerStars Hand #254490561297:  Hold'em No Limit ($0.50/$1.00 USD) - 2025/01/21 21:45:34 WET [2025/01/21 16:45:34 ET]
Table 'Florentina IV' 6-max Seat #4 is the button
Seat 1: BGS013 ($163.09 in chips) 
Seat 2: Joe_Li7 ($101.50 in chips) 
Seat 3: JQdeN87 ($115.21 in chips) 
Seat 4: AlexPinsk1 ($111.22 in chips) 
Seat 5: z00mba ($100.50 in chips) 
Seat 6: nikalas22 ($135.91 in chips) 
z00mba: posts small blind $0.50
nikalas22: posts big blind $1
*** HOLE CARDS ***
BGS013: folds 
Joe_Li7: folds 
JQdeN87: folds 
AlexPinsk1: raises $1.50 to $2.50
z00mba: folds 
nikalas22: folds 
Uncalled bet ($1.50) returned to AlexPinsk1
AlexPinsk1 collected $2.50 from pot
AlexPinsk1: doesn't show hand 
*** SUMMARY ***
Total pot $2.50 | Rake $0 
Seat 1: BGS013 folded before Flop (didn't bet)
Seat 2: Joe_Li7 folded before Flop (didn't bet)
Seat 3: JQdeN87 folded before Flop (didn't bet)
Seat 4: AlexPinsk1 (button) collected ($2.50)
Seat 5: z00mba (small blind) folded before Flop
Seat 6: nikalas22 (big blind) folded before Flop



PokerStars Hand #254490566489:  Hold'em No Limit ($0.50/$1.00 USD) - 2025/01/21 21:45:51 WET [2025/01/21 16:45:51 ET]
Table 'Florentina IV' 6-max Seat #5 is the button
Seat 1: BGS013 ($163.09 in chips) 
Seat 2: Joe_Li7 ($101.50 in chips) 
Seat 3: JQdeN87 ($115.21 in chips) 
Seat 4: AlexPinsk1 ($112.72 in chips) 
Seat 5: z00mba ($100 in chips) 
Seat 6: nikalas22 ($134.91 in chips) 
nikalas22: posts small blind $0.50
BGS013: posts big blind $1
*** HOLE CARDS ***
Joe_Li7: folds 
JQdeN87: raises $2 to $3
AlexPinsk1: folds 
z00mba: folds 
nikalas22: folds 
BGS013: folds 
Uncalled bet ($2) returned to JQdeN87
JQdeN87 collected $2.50 from pot
JQdeN87: doesn't show hand 
*** SUMMARY ***
Total pot $2.50 | Rake $0 
Seat 1: BGS013 (big blind) folded before Flop
Seat 2: Joe_Li7 folded before Flop (didn't bet)
Seat 3: JQdeN87 collected ($2.50)
Seat 4: AlexPinsk1 folded before Flop (didn't bet)
Seat 5: z00mba (button) folded before Flop (didn't bet)
Seat 6: nikalas22 (small blind) folded before Flop



PokerStars Hand #254490573271:  Hold'em No Limit ($0.50/$1.00 USD) - 2025/01/21 21:46:14 WET [2025/01/21 16:46:14 ET]
Table 'Florentina IV' 6-max Seat #6 is the button
Seat 1: BGS013 ($162.09 in chips) 
Seat 2: Joe_Li7 ($101.50 in chips) 
Seat 3: JQdeN87 ($116.71 in chips) 
Seat 4: AlexPinsk1 ($112.72 in chips) 
Seat 5: z00mba ($100 in chips) 
Seat 6: nikalas22 ($134.41 in chips) 
BGS013: posts small blind $0.50
Joe_Li7: posts big blind $1
*** HOLE CARDS ***
JQdeN87: folds 
AlexPinsk1: folds 
z00mba: folds 
nikalas22: raises $1.50 to $2.50
BGS013: folds 
Joe_Li7: folds 
Uncalled bet ($1.50) returned to nikalas22
nikalas22 collected $2.50 from pot
nikalas22: doesn't show hand 
*** SUMMARY ***
Total pot $2.50 | Rake $0 
Seat 1: BGS013 (small blind) folded before Flop
Seat 2: Joe_Li7 (big blind) folded before Flop
Seat 3: JQdeN87 folded before Flop (didn't bet)
Seat 4: AlexPinsk1 folded before Flop (didn't bet)
Seat 5: z00mba folded before Flop (didn't bet)
Seat 6: nikalas22 (button) collected ($2.50)



PokerStars Hand #254490579231:  Hold'em No Limit ($0.50/$1.00 USD) - 2025/01/21 21:46:34 WET [2025/01/21 16:46:34 ET]
Table 'Florentina IV' 6-max Seat #1 is the button
Seat 1: BGS013 ($161.59 in chips) 
Seat 2: Joe_Li7 ($100.50 in chips) 
Seat 3: JQdeN87 ($116.71 in chips) 
Seat 4: AlexPinsk1 ($112.72 in chips) 
Seat 5: z00mba ($100 in chips) 
Seat 6: nikalas22 ($135.91 in chips) 
Joe_Li7: posts small blind $0.50
JQdeN87: posts big blind $1
*** HOLE CARDS ***
AlexPinsk1: folds 
z00mba: folds 
nikalas22: folds 
BGS013: folds 
Joe_Li7: folds 
Uncalled bet ($0.50) returned to JQdeN87
JQdeN87 collected $1 from pot
JQdeN87: doesn't show hand 
*** SUMMARY ***
Total pot $1 | Rake $0 
Seat 1: BGS013 (button) folded before Flop (didn't bet)
Seat 2: Joe_Li7 (small blind) folded before Flop
Seat 3: JQdeN87 (big blind) collected ($1)
Seat 4: AlexPinsk1 folded before Flop (didn't bet)
Seat 5: z00mba folded before Flop (didn't bet)
Seat 6: nikalas22 folded before Flop (didn't bet)



PokerStars Hand #254490583733:  Hold'em No Limit ($0.50/$1.00 USD) - 2025/01/21 21:46:50 WET [2025/01/21 16:46:50 ET]
Table 'Florentina IV' 6-max Seat #2 is the button
Seat 1: BGS013 ($161.59 in chips) 
Seat 2: Joe_Li7 ($100 in chips) 
Seat 3: JQdeN87 ($117.21 in chips) 
Seat 4: AlexPinsk1 ($112.72 in chips) 
Seat 5: z00mba ($100 in chips) 
Seat 6: nikalas22 ($135.91 in chips) 
JQdeN87: posts small blind $0.50
AlexPinsk1: posts big blind $1
*** HOLE CARDS ***
z00mba: folds 
nikalas22: folds 
BGS013: folds 
Joe_Li7: raises $1.50 to $2.50
JQdeN87: folds 
AlexPinsk1: folds 
Uncalled bet ($1.50) returned to Joe_Li7
Joe_Li7 collected $2.50 from pot
*** SUMMARY ***
Total pot $2.50 | Rake $0 
Seat 1: BGS013 folded before Flop (didn't bet)
Seat 2: Joe_Li7 (button) collected ($2.50)
Seat 3: JQdeN87 (small blind) folded before Flop
Seat 4: AlexPinsk1 (big blind) folded before Flop
Seat 5: z00mba folded before Flop (didn't bet)
Seat 6: nikalas22 folded before Flop (didn't bet)



PokerStars Hand #254490589805:  Hold'em No Limit ($0.50/$1.00 USD) - 2025/01/21 21:47:11 WET [2025/01/21 16:47:11 ET]
Table 'Florentina IV' 6-max Seat #3 is the button
Seat 1: BGS013 ($161.59 in chips) 
Seat 2: Joe_Li7 ($101.50 in chips) 
Seat 3: JQdeN87 ($116.71 in chips) 
Seat 4: AlexPinsk1 ($111.72 in chips) 
Seat 5: z00mba ($100 in chips) 
Seat 6: nikalas22 ($135.91 in chips) 
AlexPinsk1: posts small blind $0.50
z00mba: posts big blind $1
*** HOLE CARDS ***
nikalas22: raises $1.50 to $2.50
BGS013: folds 
Joe_Li7: folds 
JQdeN87: calls $2.50
AlexPinsk1: folds 
z00mba: folds 
*** FLOP *** [7d 8d 2h]
nikalas22: bets $1.85
JQdeN87: calls $1.85
*** TURN *** [7d 8d 2h] [Ac]
nikalas22: bets $7.27
JQdeN87: folds 
Uncalled bet ($7.27) returned to nikalas22
nikalas22 collected $9.69 from pot
nikalas22: doesn't show hand 
*** SUMMARY ***
Total pot $10.20 | Rake $0.51 
Board [7d 8d 2h Ac]
Seat 1: BGS013 folded before Flop (didn't bet)
Seat 2: Joe_Li7 folded before Flop (didn't bet)
Seat 3: JQdeN87 (button) folded on the Turn
Seat 4: AlexPinsk1 (small blind) folded before Flop
Seat 5: z00mba (big blind) folded before Flop
Seat 6: nikalas22 collected ($9.69)



PokerStars Hand #254490600043:  Hold'em No Limit ($0.50/$1.00 USD) - 2025/01/21 21:47:46 WET [2025/01/21 16:47:46 ET]
Table 'Florentina IV' 6-max Seat #4 is the button
Seat 1: BGS013 ($161.59 in chips) 
Seat 2: Joe_Li7 ($101.50 in chips) 
Seat 3: JQdeN87 ($112.36 in chips) 
Seat 4: AlexPinsk1 ($111.22 in chips) 
Seat 5: z00mba ($100 in chips) 
Seat 6: nikalas22 ($141.25 in chips) 
z00mba: posts small blind $0.50
nikalas22: posts big blind $1
*** HOLE CARDS ***
BGS013: raises $1 to $2
Joe_Li7: folds 
JQdeN87: calls $2
AlexPinsk1: folds 
z00mba: folds 
nikalas22: calls $1
*** FLOP *** [Jh Js 3h]
nikalas22: checks 
BGS013: checks 
JQdeN87: bets $4
nikalas22: folds 
BGS013: calls $4
*** TURN *** [Jh Js 3h] [Jc]
BGS013: checks 
JQdeN87: checks 
*** RIVER *** [Jh Js 3h Jc] [8c]
BGS013: checks 
JQdeN87: bets $7
BGS013: calls $7
*** SHOW DOWN ***
JQdeN87: shows [Th 9h] (three of a kind, Jacks)
BGS013: shows [Kc Ah] (three of a kind, Jacks - Ace kicker)
BGS013 collected $27.08 from pot
*** SUMMARY ***
Total pot $28.50 | Rake $1.42 
Board [Jh Js 3h Jc 8c]
Seat 1: BGS013 showed [Kc Ah] and won ($27.08) with three of a kind, Jacks
Seat 2: Joe_Li7 folded before Flop (didn't bet)
Seat 3: JQdeN87 showed [Th 9h] and lost with three of a kind, Jacks
Seat 4: AlexPinsk1 (button) folded before Flop (didn't bet)
Seat 5: z00mba (small blind) folded before Flop
Seat 6: nikalas22 (big blind) folded on the Flop



PokerStars Hand #254490612769:  Hold'em No Limit ($0.50/$1.00 USD) - 2025/01/21 21:48:29 WET [2025/01/21 16:48:29 ET]
Table 'Florentina IV' 6-max Seat #5 is the button
Seat 1: BGS013 ($175.67 in chips) 
Seat 2: Joe_Li7 ($101.50 in chips) 
Seat 3: JQdeN87 ($99.36 in chips) 
Seat 4: AlexPinsk1 ($111.22 in chips) 
Seat 5: z00mba ($100 in chips) 
Seat 6: nikalas22 ($139.25 in chips) 
nikalas22: posts small blind $0.50
BGS013: posts big blind $1
*** HOLE CARDS ***
Joe_Li7: folds 
JQdeN87: raises $2 to $3
AlexPinsk1: folds 
z00mba: folds 
nikalas22: folds 
BGS013: folds 
Uncalled bet ($2) returned to JQdeN87
JQdeN87 collected $2.50 from pot
JQdeN87: doesn't show hand 
*** SUMMARY ***
Total pot $2.50 | Rake $0 
Seat 1: BGS013 (big blind) folded before Flop
Seat 2: Joe_Li7 folded before Flop (didn't bet)
Seat 3: JQdeN87 collected ($2.50)
Seat 4: AlexPinsk1 folded before Flop (didn't bet)
Seat 5: z00mba (button) folded before Flop (didn't bet)
Seat 6: nikalas22 (small blind) folded before Flop



PokerStars Hand #254490616932:  Hold'em No Limit ($0.50/$1.00 USD) - 2025/01/21 21:48:44 WET [2025/01/21 16:48:44 ET]
Table 'Florentina IV' 6-max Seat #6 is the button
Seat 1: BGS013 ($174.67 in chips) 
Seat 2: Joe_Li7 ($101.50 in chips) 
Seat 3: JQdeN87 ($100.86 in chips) 
Seat 4: AlexPinsk1 ($111.22 in chips) 
Seat 5: z00mba ($100 in chips) 
Seat 6: nikalas22 ($138.75 in chips) 
BGS013: posts small blind $0.50
Joe_Li7: posts big blind $1
*** HOLE CARDS ***
JQdeN87 has timed out
JQdeN87: folds 
AlexPinsk1: raises $1.50 to $2.50
z00mba: folds 
nikalas22: folds 
BGS013: folds 
Joe_Li7: folds 
Uncalled bet ($1.50) returned to AlexPinsk1
AlexPinsk1 collected $2.50 from pot
AlexPinsk1: doesn't show hand 
*** SUMMARY ***
Total pot $2.50 | Rake $0 
Seat 1: BGS013 (small blind) folded before Flop
Seat 2: Joe_Li7 (big blind) folded before Flop
Seat 3: JQdeN87 folded before Flop (didn't bet)
Seat 4: AlexPinsk1 collected ($2.50)
Seat 5: z00mba folded before Flop (didn't bet)
Seat 6: nikalas22 (button) folded before Flop (didn't bet)



PokerStars Hand #254490624755:  Hold'em No Limit ($0.50/$1.00 USD) - 2025/01/21 21:49:10 WET [2025/01/21 16:49:10 ET]
Table 'Florentina IV' 6-max Seat #1 is the button
Seat 1: BGS013 ($174.17 in chips) 
Seat 2: Joe_Li7 ($100.50 in chips) 
Seat 3: JQdeN87 ($100.86 in chips) 
Seat 4: AlexPinsk1 ($112.72 in chips) 
Seat 5: z00mba ($100 in chips) 
Seat 6: nikalas22 ($138.75 in chips) 
Joe_Li7: posts small blind $0.50
JQdeN87: posts big blind $1
*** HOLE CARDS ***
AlexPinsk1: folds 
z00mba: folds 
nikalas22: raises $1.50 to $2.50
BGS013: folds 
Joe_Li7: folds 
JQdeN87: calls $1.50
*** FLOP *** [Kc 5c 3d]
JQdeN87: checks 
nikalas22: checks 
*** TURN *** [Kc 5c 3d] [4d]
JQdeN87: checks 
nikalas22: checks 
*** RIVER *** [Kc 5c 3d 4d] [5s]
JQdeN87: checks 
nikalas22: checks 
*** SHOW DOWN ***
JQdeN87: shows [Ad 7s] (a pair of Fives)
nikalas22: shows [9d Ah] (a pair of Fives - Ace+King+Nine kicker)
nikalas22 collected $5.22 from pot
*** SUMMARY ***
Total pot $5.50 | Rake $0.28 
Board [Kc 5c 3d 4d 5s]
Seat 1: BGS013 (button) folded before Flop (didn't bet)
Seat 2: Joe_Li7 (small blind) folded before Flop
Seat 3: JQdeN87 (big blind) showed [Ad 7s] and lost with a pair of Fives
Seat 4: AlexPinsk1 folded before Flop (didn't bet)
Seat 5: z00mba folded before Flop (didn't bet)
Seat 6: nikalas22 showed [9d Ah] and won ($5.22) with a pair of Fives



PokerStars Hand #254490633269:  Hold'em No Limit ($0.50/$1.00 USD) - 2025/01/21 21:49:40 WET [2025/01/21 16:49:40 ET]
Table 'Florentina IV' 6-max Seat #2 is the button
Seat 1: BGS013 ($174.17 in chips) 
Seat 2: Joe_Li7 ($100 in chips) 
Seat 3: JQdeN87 ($98.36 in chips) 
Seat 4: AlexPinsk1 ($112.72 in chips) 
Seat 5: z00mba ($100 in chips) 
Seat 6: nikalas22 ($141.47 in chips) 
JQdeN87: posts small blind $0.50
AlexPinsk1: posts big blind $1
*** HOLE CARDS ***
z00mba: folds 
nikalas22: folds 
BGS013: folds 
Joe_Li7: folds 
JQdeN87: raises $2 to $3
AlexPinsk1: raises $6 to $9
JQdeN87: calls $6
*** FLOP *** [3d Qd 8d]
JQdeN87: checks 
AlexPinsk1: checks 
*** TURN *** [3d Qd 8d] [6c]
JQdeN87: checks 
AlexPinsk1: bets $12.83
JQdeN87: calls $12.83
*** RIVER *** [3d Qd 8d 6c] [6d]
JQdeN87: bets $26
AlexPinsk1: raises $64.89 to $90.89 and is all-in
JQdeN87: calls $50.53 and is all-in
Uncalled bet ($14.36) returned to AlexPinsk1
*** SHOW DOWN ***
AlexPinsk1: shows [Ad Qc] (a flush, Ace high)
JQdeN87: shows [Kd 7h] (a flush, King high)
AlexPinsk1 collected $194.22 from pot
*** SUMMARY ***
Total pot $196.72 | Rake $2.50 
Board [3d Qd 8d 6c 6d]
Seat 1: BGS013 folded before Flop (didn't bet)
Seat 2: Joe_Li7 (button) folded before Flop (didn't bet)
Seat 3: JQdeN87 (small blind) showed [Kd 7h] and lost with a flush, King high
Seat 4: AlexPinsk1 (big blind) showed [Ad Qc] and won ($194.22) with a flush, Ace high
Seat 5: z00mba folded before Flop (didn't bet)
Seat 6: nikalas22 folded before Flop (didn't bet)



PokerStars Hand #254490663811:  Hold'em No Limit ($0.50/$1.00 USD) - 2025/01/21 21:51:25 WET [2025/01/21 16:51:25 ET]
Table 'Florentina IV' 6-max Seat #4 is the button
Seat 3: JQdeN87 ($0 in chips) is sitting out
Seat 1: BGS013 ($174.17 in chips) 
Seat 2: Joe_Li7 ($100 in chips) 
Seat 4: AlexPinsk1 ($208.58 in chips) 
Seat 5: z00mba ($100 in chips) 
Seat 6: nikalas22 ($141.47 in chips) 
z00mba: posts small blind $0.50
nikalas22: posts big blind $1
*** HOLE CARDS ***
BGS013: folds 
JQdeN87 leaves the table
BGS013 leaves the table
Joe_Li7: folds 
AlexPinsk1: raises $1.50 to $2.50
z00mba: folds 
nikalas22: folds 
Uncalled bet ($1.50) returned to AlexPinsk1
AlexPinsk1 collected $2.50 from pot
AlexPinsk1: doesn't show hand 
*** SUMMARY ***
Total pot $2.50 | Rake $0 
Seat 3: JQdeN87
Seat 1: BGS013 folded before Flop (didn't bet)
Seat 2: Joe_Li7 folded before Flop (didn't bet)
Seat 4: AlexPinsk1 (button) collected ($2.50)
Seat 5: z00mba (small blind) folded before Flop
Seat 6: nikalas22 (big blind) folded before Flop



PokerStars Hand #254490672378:  Hold'em No Limit ($0.50/$1.00 USD) - 2025/01/21 21:51:55 WET [2025/01/21 16:51:55 ET]
Table 'Florentina IV' 6-max Seat #5 is the button
Seat 2: Joe_Li7 ($100 in chips) 
Seat 4: AlexPinsk1 ($210.08 in chips) 
Seat 5: z00mba ($100 in chips) 
Seat 6: nikalas22 ($140.47 in chips) 
nikalas22: posts small blind $0.50
Joe_Li7: posts big blind $1
*** HOLE CARDS ***
AlexPinsk1: folds 
z00mba: folds 
nikalas22: raises $2 to $3
Joe_Li7: calls $2
*** FLOP *** [6s Ks Qd]
nikalas22: bets $4.28
Joe_Li7: folds 
Uncalled bet ($4.28) returned to nikalas22
nikalas22 collected $5.70 from pot
nikalas22: doesn't show hand 
*** SUMMARY ***
Total pot $6 | Rake $0.30 
Board [6s Ks Qd]
Seat 2: Joe_Li7 (big blind) folded on the Flop
Seat 4: AlexPinsk1 folded before Flop (didn't bet)
Seat 5: z00mba (button) folded before Flop (didn't bet)
Seat 6: nikalas22 (small blind) collected ($5.70)



