PokerStars Hand #254488741265:  Hold'em No Limit ($0.50/$1.00 USD) - 2025/01/21 20:03:47 WET [2025/01/21 15:03:47 ET]
Table 'Adhara IV' 6-max Seat #3 is the button
Seat 1: BGS013 ($111.34 in chips) 
Seat 2: Calado87 ($83.88 in chips) 
Seat 3: worker0k ($103.90 in chips) 
Seat 4: CashfishT ($100 in chips) 
Seat 5: Joker007r ($100 in chips) 
Seat 6: koncis70 ($28.49 in chips) 
CashfishT: posts small blind $0.50
Joker007r: posts big blind $1
Calado87: posts small & big blinds $1.50
*** HOLE CARDS ***
koncis70: calls $1
BGS013: raises $3.50 to $4.50
Calado87: folds 
worker0k: folds 
CashfishT: calls $4
Joker007r: folds 
koncis70: folds 
*** FLOP *** [4s 3s Kh]
CashfishT: checks 
BGS013: bets $3.09
CashfishT: calls $3.09
*** TURN *** [4s 3s Kh] [2h]
CashfishT: checks 
BGS013: bets $15.50
CashfishT: folds 
Uncalled bet ($15.50) returned to BGS013
BGS013 collected $17.75 from pot
BGS013: doesn't show hand 
*** SUMMARY ***
Total pot $18.68 | Rake $0.93 
Board [4s 3s Kh 2h]
Seat 1: BGS013 collected ($17.75)
Seat 2: Calado87 folded before Flop (didn't bet)
Seat 3: worker0k (button) folded before Flop (didn't bet)
Seat 4: CashfishT (small blind) folded on the Turn
Seat 5: Joker007r (big blind) folded before Flop
Seat 6: koncis70 folded before Flop



PokerStars Hand #254488756821:  Hold'em No Limit ($0.50/$1.00 USD) - 2025/01/21 20:04:41 WET [2025/01/21 15:04:41 ET]
Table 'Adhara IV' 6-max Seat #4 is the button
Seat 1: BGS013 ($121.50 in chips) 
Seat 2: Calado87 ($82.38 in chips) 
Seat 3: worker0k ($103.90 in chips) 
Seat 4: CashfishT ($100 in chips) 
Seat 5: Joker007r ($100 in chips) 
Seat 6: koncis70 ($27.49 in chips) 
Joker007r: posts small blind $0.50
koncis70: posts big blind $1
*** HOLE CARDS ***
BGS013: folds 
Calado87: folds 
worker0k: raises $1.30 to $2.30
CashfishT: folds 
Joker007r: folds 
koncis70: folds 
Uncalled bet ($1.30) returned to worker0k
worker0k collected $2.50 from pot
*** SUMMARY ***
Total pot $2.50 | Rake $0 
Seat 1: BGS013 folded before Flop (didn't bet)
Seat 2: Calado87 folded before Flop (didn't bet)
Seat 3: worker0k collected ($2.50)
Seat 4: CashfishT (button) folded before Flop (didn't bet)
Seat 5: Joker007r (small blind) folded before Flop
Seat 6: koncis70 (big blind) folded before Flop



PokerStars Hand #254488768943:  Hold'em No Limit ($0.50/$1.00 USD) - 2025/01/21 20:05:21 WET [2025/01/21 15:05:21 ET]
Table 'Adhara IV' 6-max Seat #5 is the button
Seat 1: BGS013 ($121.50 in chips) 
Seat 2: Calado87 ($82.38 in chips) 
Seat 3: worker0k ($105.40 in chips) 
Seat 4: CashfishT ($100 in chips) 
Seat 5: Joker007r ($100 in chips) 
Seat 6: koncis70 ($26.49 in chips) 
koncis70: posts small blind $0.50
BGS013: posts big blind $1
*** HOLE CARDS ***
Calado87: folds 
worker0k: folds 
CashfishT: raises $1.20 to $2.20
Joker007r: raises $4.40 to $6.60
koncis70: folds 
BGS013: folds 
CashfishT: folds 
Uncalled bet ($4.40) returned to Joker007r
Joker007r collected $5.90 from pot
Joker007r: doesn't show hand 
*** SUMMARY ***
Total pot $5.90 | Rake $0 
Seat 1: BGS013 (big blind) folded before Flop
Seat 2: Calado87 folded before Flop (didn't bet)
Seat 3: worker0k folded before Flop (didn't bet)
Seat 4: CashfishT folded before Flop
Seat 5: Joker007r (button) collected ($5.90)
Seat 6: koncis70 (small blind) folded before Flop



PokerStars Hand #254488776027:  Hold'em No Limit ($0.50/$1.00 USD) - 2025/01/21 20:05:45 WET [2025/01/21 15:05:45 ET]
Table 'Adhara IV' 6-max Seat #6 is the button
Seat 1: BGS013 ($120.50 in chips) 
Seat 2: Calado87 ($82.38 in chips) 
Seat 3: worker0k ($105.40 in chips) 
Seat 4: CashfishT ($100 in chips) 
Seat 5: Joker007r ($103.70 in chips) 
Seat 6: koncis70 ($25.99 in chips) 
BGS013: posts small blind $0.50
Calado87: posts big blind $1
*** HOLE CARDS ***
worker0k: folds 
CashfishT: raises $1.20 to $2.20
Joker007r: folds 
koncis70: folds 
BGS013: folds 
Calado87: calls $1.20
*** FLOP *** [9d Ah 5s]
Calado87: checks 
CashfishT: bets $1.54
Calado87: calls $1.54
*** TURN *** [9d Ah 5s] [5h]
Calado87: checks 
CashfishT: checks 
*** RIVER *** [9d Ah 5s 5h] [Ac]
Calado87: bets $3.79
CashfishT: folds 
Uncalled bet ($3.79) returned to Calado87
Calado87 collected $7.58 from pot
*** SUMMARY ***
Total pot $7.98 | Rake $0.40 
Board [9d Ah 5s 5h Ac]
Seat 1: BGS013 (small blind) folded before Flop
Seat 2: Calado87 (big blind) collected ($7.58)
Seat 3: worker0k folded before Flop (didn't bet)
Seat 4: CashfishT folded on the River
Seat 5: Joker007r folded before Flop (didn't bet)
Seat 6: koncis70 (button) folded before Flop (didn't bet)



PokerStars Hand #254488792534:  Hold'em No Limit ($0.50/$1.00 USD) - 2025/01/21 20:06:40 WET [2025/01/21 15:06:40 ET]
Table 'Adhara IV' 6-max Seat #1 is the button
Seat 1: BGS013 ($120 in chips) 
Seat 2: Calado87 ($86.22 in chips) 
Seat 3: worker0k ($105.40 in chips) 
Seat 4: CashfishT ($100 in chips) 
Seat 5: Joker007r ($103.70 in chips) 
Seat 6: koncis70 ($25.99 in chips) 
Calado87: posts small blind $0.50
worker0k: posts big blind $1
*** HOLE CARDS ***
CashfishT: folds 
Joker007r: folds 
koncis70: folds 
BGS013: folds 
Calado87: calls $0.50
worker0k: checks 
*** FLOP *** [Jd 3s Qh]
Calado87: checks 
worker0k: checks 
*** TURN *** [Jd 3s Qh] [Tc]
Calado87: checks 
worker0k: checks 
*** RIVER *** [Jd 3s Qh Tc] [Kh]
Calado87: bets $85.22 and is all-in
worker0k: folds 
Uncalled bet ($85.22) returned to Calado87
Calado87 collected $1.90 from pot
*** SUMMARY ***
Total pot $2 | Rake $0.10 
Board [Jd 3s Qh Tc Kh]
Seat 1: BGS013 (button) folded before Flop (didn't bet)
Seat 2: Calado87 (small blind) collected ($1.90)
Seat 3: worker0k (big blind) folded on the River
Seat 4: CashfishT folded before Flop (didn't bet)
Seat 5: Joker007r folded before Flop (didn't bet)
Seat 6: koncis70 folded before Flop (didn't bet)



PokerStars Hand #254488799349:  Hold'em No Limit ($0.50/$1.00 USD) - 2025/01/21 20:07:03 WET [2025/01/21 15:07:03 ET]
Table 'Adhara IV' 6-max Seat #2 is the button
Seat 1: BGS013 ($120 in chips) 
Seat 2: Calado87 ($87.12 in chips) 
Seat 3: worker0k ($104.40 in chips) 
Seat 4: CashfishT ($100 in chips) 
Seat 5: Joker007r ($103.70 in chips) 
Seat 6: koncis70 ($25.99 in chips) 
worker0k: posts small blind $0.50
CashfishT: posts big blind $1
*** HOLE CARDS ***
Joker007r: folds 
koncis70: calls $1
BGS013: raises $2 to $3
Calado87: folds 
worker0k: folds 
CashfishT: folds 
koncis70: folds 
Uncalled bet ($2) returned to BGS013
BGS013 collected $3.50 from pot
BGS013: doesn't show hand 
*** SUMMARY ***
Total pot $3.50 | Rake $0 
Seat 1: BGS013 collected ($3.50)
Seat 2: Calado87 (button) folded before Flop (didn't bet)
Seat 3: worker0k (small blind) folded before Flop
Seat 4: CashfishT (big blind) folded before Flop
Seat 5: Joker007r folded before Flop (didn't bet)
Seat 6: koncis70 folded before Flop



PokerStars Hand #254488804034:  Hold'em No Limit ($0.50/$1.00 USD) - 2025/01/21 20:07:18 WET [2025/01/21 15:07:18 ET]
Table 'Adhara IV' 6-max Seat #3 is the button
Seat 1: BGS013 ($122.50 in chips) 
Seat 2: Calado87 ($87.12 in chips) 
Seat 3: worker0k ($103.90 in chips) 
Seat 4: CashfishT ($100 in chips) 
Seat 5: Joker007r ($103.70 in chips) 
Seat 6: koncis70 ($24.99 in chips) 
CashfishT: posts small blind $0.50
Joker007r: posts big blind $1
*** HOLE CARDS ***
koncis70: calls $1
BGS013: folds 
Calado87: folds 
worker0k: folds 
CashfishT: folds 
Joker007r: checks 
*** FLOP *** [8d 8c Ad]
Joker007r: checks 
koncis70: bets $1
Joker007r: raises $4 to $5
koncis70: raises $18.99 to $23.99 and is all-in
Joker007r: calls $18.99
*** TURN *** [8d 8c Ad] [6d]
*** RIVER *** [8d 8c Ad 6d] [Kd]
*** SHOW DOWN ***
Joker007r: shows [Th 8s] (three of a kind, Eights)
koncis70: shows [3h 3s] (two pair, Eights and Threes)
Joker007r collected $47.98 from pot
koncis70 cashed out the hand for $3.54 | Cash Out Fee $0.07
*** SUMMARY ***
Total pot $50.48 | Rake $2.50 
Board [8d 8c Ad 6d Kd]
Seat 1: BGS013 folded before Flop (didn't bet)
Seat 2: Calado87 folded before Flop (didn't bet)
Seat 3: worker0k (button) folded before Flop (didn't bet)
Seat 4: CashfishT (small blind) folded before Flop
Seat 5: Joker007r (big blind) showed [Th 8s] and won ($47.98) with three of a kind, Eights
Seat 6: koncis70 showed [3h 3s] and lost with two pair, Eights and Threes (cashed out).



PokerStars Hand #254488815472:  Hold'em No Limit ($0.50/$1.00 USD) - 2025/01/21 20:07:55 WET [2025/01/21 15:07:55 ET]
Table 'Adhara IV' 6-max Seat #4 is the button
Seat 1: BGS013 ($122.50 in chips) 
Seat 2: Calado87 ($87.12 in chips) 
Seat 3: worker0k ($103.90 in chips) 
Seat 4: CashfishT ($100 in chips) 
Seat 5: Joker007r ($126.69 in chips) 
Seat 6: koncis70 ($3.54 in chips) 
Joker007r: posts small blind $0.50
koncis70: posts big blind $1
*** HOLE CARDS ***
BGS013: folds 
Calado87: folds 
worker0k: folds 
CashfishT: raises $1.20 to $2.20
Joker007r: folds 
koncis70: folds 
Uncalled bet ($1.20) returned to CashfishT
koncis70 leaves the table
CashfishT collected $2.50 from pot
CashfishT: doesn't show hand 
*** SUMMARY ***
Total pot $2.50 | Rake $0 
Seat 1: BGS013 folded before Flop (didn't bet)
Seat 2: Calado87 folded before Flop (didn't bet)
Seat 3: worker0k folded before Flop (didn't bet)
Seat 4: CashfishT (button) collected ($2.50)
Seat 5: Joker007r (small blind) folded before Flop
Seat 6: koncis70 (big blind) folded before Flop



PokerStars Hand #254488818416:  Hold'em No Limit ($0.50/$1.00 USD) - 2025/01/21 20:08:06 WET [2025/01/21 15:08:06 ET]
Table 'Adhara IV' 6-max Seat #5 is the button
Seat 1: BGS013 ($122.50 in chips) 
Seat 2: Calado87 ($87.12 in chips) 
Seat 3: worker0k ($103.90 in chips) 
Seat 4: CashfishT ($101.50 in chips) 
Seat 5: Joker007r ($126.19 in chips) 
BGS013: posts small blind $0.50
Calado87: posts big blind $1
*** HOLE CARDS ***
worker0k: raises $1.30 to $2.30
xxxZeka joins the table at seat #6 
CashfishT: folds 
Joker007r: folds 
BGS013: folds 
Calado87: folds 
Uncalled bet ($1.30) returned to worker0k
worker0k collected $2.50 from pot
*** SUMMARY ***
Total pot $2.50 | Rake $0 
Seat 1: BGS013 (small blind) folded before Flop
Seat 2: Calado87 (big blind) folded before Flop
Seat 3: worker0k collected ($2.50)
Seat 4: CashfishT folded before Flop (didn't bet)
Seat 5: Joker007r (button) folded before Flop (didn't bet)



PokerStars Hand #254488826165:  Hold'em No Limit ($0.50/$1.00 USD) - 2025/01/21 20:08:32 WET [2025/01/21 15:08:32 ET]
Table 'Adhara IV' 6-max Seat #1 is the button
Seat 3: worker0k ($105.40 in chips) is sitting out
Seat 6: xxxZeka ($100 in chips) is sitting out
Seat 1: BGS013 ($122 in chips) 
Seat 2: Calado87 ($86.12 in chips) 
Seat 4: CashfishT ($101.50 in chips) 
Seat 5: Joker007r ($126.19 in chips) 
Calado87: posts small blind $0.50
CashfishT: posts big blind $1
xxxZeka: sits out 
*** HOLE CARDS ***
worker0k leaves the table
Joker007r: folds 
Joker007r leaves the table
BoyLoc0 joins the table at seat #3 
BGS013: folds 
Calado87: raises $2 to $3
CashfishT: calls $2
*** FLOP *** [5s Qc Ts]
Calado87: bets $3
CashfishT: calls $3
*** TURN *** [5s Qc Ts] [Qh]
BoyLoc0 leaves the table
Calado87: bets $5
CashfishT: calls $5
*** RIVER *** [5s Qc Ts Qh] [Ah]
Calado87: checks 
MaRKiToScoK joins the table at seat #3 
CashfishT: checks 
*** SHOW DOWN ***
Calado87: shows [9c 6c] (a pair of Queens)
CashfishT: mucks hand 
Calado87 collected $21 from pot
AAKiller11 joins the table at seat #5 
*** SUMMARY ***
Total pot $22 | Rake $1 
Board [5s Qc Ts Qh Ah]
Seat 3: worker0k
Seat 6: xxxZeka
Seat 1: BGS013 (button) folded before Flop (didn't bet)
Seat 2: Calado87 (small blind) showed [9c 6c] and won ($21) with a pair of Queens
Seat 4: CashfishT (big blind) mucked
Seat 5: Joker007r folded before Flop (didn't bet)



PokerStars Hand #254488838597:  Hold'em No Limit ($0.50/$1.00 USD) - 2025/01/21 20:09:13 WET [2025/01/21 15:09:13 ET]
Table 'Adhara IV' 6-max Seat #2 is the button
Seat 3: MaRKiToScoK ($100 in chips) is sitting out
Seat 6: xxxZeka ($100 in chips) is sitting out
Seat 1: BGS013 ($122 in chips) 
Seat 2: Calado87 ($96.12 in chips) 
Seat 4: CashfishT ($100 in chips) 
Seat 5: AAKiller11 ($100 in chips) 
CashfishT: posts small blind $0.50
AAKiller11 is disconnected 
AAKiller11 is connected 
AAKiller11: posts big blind $1
xxxZeka: sits out 
*** HOLE CARDS ***
BGS013: raises $1.50 to $2.50
Calado87: raises $2.50 to $5
CashfishT: calls $4.50
AAKiller11: folds 
BGS013: calls $2.50
*** FLOP *** [2c 7s 5c]
CashfishT: checks 
BGS013: checks 
Calado87: bets $7.60
CashfishT: folds 
BGS013: folds 
Uncalled bet ($7.60) returned to Calado87
Calado87 collected $15.20 from pot
*** SUMMARY ***
Total pot $16 | Rake $0.80 
Board [2c 7s 5c]
Seat 3: MaRKiToScoK
Seat 6: xxxZeka
Seat 1: BGS013 folded on the Flop
Seat 2: Calado87 (button) collected ($15.20)
Seat 4: CashfishT (small blind) folded on the Flop
Seat 5: AAKiller11 (big blind) folded before Flop



PokerStars Hand #254488851967:  Hold'em No Limit ($0.50/$1.00 USD) - 2025/01/21 20:09:58 WET [2025/01/21 15:09:58 ET]
Table 'Adhara IV' 6-max Seat #4 is the button
Seat 3: MaRKiToScoK ($100 in chips) is sitting out
Seat 1: BGS013 ($117 in chips) 
Seat 2: Calado87 ($106.32 in chips) 
Seat 4: CashfishT ($100 in chips) 
Seat 5: AAKiller11 ($100 in chips) 
Seat 6: xxxZeka ($100 in chips) 
AAKiller11: posts small blind $0.50
xxxZeka: posts big blind $1
MaRKiToScoK: sits out 
*** HOLE CARDS ***
BGS013: folds 
Calado87: raises $2 to $3
CashfishT: folds 
AAKiller11: raises $7 to $10
xxxZeka: folds 
Calado87: calls $7
*** FLOP *** [2c 6s 5s]
AAKiller11: bets $9.98
Calado87: folds 
Uncalled bet ($9.98) returned to AAKiller11
AAKiller11 collected $19.69 from pot
*** SUMMARY ***
Total pot $21 | Rake $1.31 
Board [2c 6s 5s]
Seat 3: MaRKiToScoK
Seat 1: BGS013 folded before Flop (didn't bet)
Seat 2: Calado87 folded on the Flop
Seat 4: CashfishT (button) folded before Flop (didn't bet)
Seat 5: AAKiller11 (small blind) collected ($19.69)
Seat 6: xxxZeka (big blind) folded before Flop



PokerStars Hand #254488864231:  Hold'em No Limit ($0.50/$1.00 USD) - 2025/01/21 20:10:38 WET [2025/01/21 15:10:38 ET]
Table 'Adhara IV' 6-max Seat #5 is the button
Seat 3: MaRKiToScoK ($100 in chips) is sitting out
Seat 1: BGS013 ($117 in chips) 
Seat 2: Calado87 ($96.32 in chips) 
Seat 4: CashfishT ($100 in chips) 
Seat 5: AAKiller11 ($109.69 in chips) 
Seat 6: xxxZeka ($100 in chips) 
xxxZeka: posts small blind $0.50
BGS013: posts big blind $1
MaRKiToScoK: sits out 
*** HOLE CARDS ***
Calado87: raises $2 to $3
CashfishT: folds 
AAKiller11: folds 
xxxZeka: folds 
BGS013: calls $2
*** FLOP *** [Jc 6h 6d]
BGS013: checks 
Calado87: bets $3.09
BGS013: folds 
Uncalled bet ($3.09) returned to Calado87
Calado87 collected $6.18 from pot
*** SUMMARY ***
Total pot $6.50 | Rake $0.32 
Board [Jc 6h 6d]
Seat 3: MaRKiToScoK
Seat 1: BGS013 (big blind) folded on the Flop
Seat 2: Calado87 collected ($6.18)
Seat 4: CashfishT folded before Flop (didn't bet)
Seat 5: AAKiller11 (button) folded before Flop (didn't bet)
Seat 6: xxxZeka (small blind) folded before Flop



PokerStars Hand #254488872191:  Hold'em No Limit ($0.50/$1.00 USD) - 2025/01/21 20:11:05 WET [2025/01/21 15:11:05 ET]
Table 'Adhara IV' 6-max Seat #6 is the button
Seat 3: MaRKiToScoK ($100 in chips) is sitting out
Seat 1: BGS013 ($114 in chips) 
Seat 2: Calado87 ($99.50 in chips) 
Seat 4: CashfishT ($100 in chips) 
Seat 5: AAKiller11 ($109.69 in chips) 
Seat 6: xxxZeka ($100 in chips) 
BGS013: posts small blind $0.50
Calado87: posts big blind $1
MaRKiToScoK: sits out 
*** HOLE CARDS ***
CashfishT: folds 
AAKiller11: raises $2.50 to $3.50
xxxZeka: folds 
BGS013: folds 
Calado87: folds 
Uncalled bet ($2.50) returned to AAKiller11
AAKiller11 collected $2.50 from pot
*** SUMMARY ***
Total pot $2.50 | Rake $0 
Seat 3: MaRKiToScoK
Seat 1: BGS013 (small blind) folded before Flop
Seat 2: Calado87 (big blind) folded before Flop
Seat 4: CashfishT folded before Flop (didn't bet)
Seat 5: AAKiller11 collected ($2.50)
Seat 6: xxxZeka (button) folded before Flop (didn't bet)



PokerStars Hand #254488880849:  Hold'em No Limit ($0.50/$1.00 USD) - 2025/01/21 20:11:33 WET [2025/01/21 15:11:33 ET]
Table 'Adhara IV' 6-max Seat #1 is the button
Seat 1: BGS013 ($113.50 in chips) 
Seat 2: Calado87 ($98.50 in chips) 
Seat 3: MaRKiToScoK ($100 in chips) 
Seat 4: CashfishT ($100 in chips) 
Seat 5: AAKiller11 ($111.19 in chips) 
Seat 6: xxxZeka ($100 in chips) 
Calado87: posts small blind $0.50
MaRKiToScoK: posts big blind $1
*** HOLE CARDS ***
CashfishT: folds 
AAKiller11: calls $1
xxxZeka: folds 
BGS013: raises $3 to $4
Calado87: folds 
MaRKiToScoK: folds 
AAKiller11: calls $3
*** FLOP *** [As 3s 7s]
AAKiller11: checks 
BGS013: bets $2.35
AAKiller11: folds 
Uncalled bet ($2.35) returned to BGS013
BGS013 collected $9.02 from pot
BGS013: doesn't show hand 
*** SUMMARY ***
Total pot $9.50 | Rake $0.48 
Board [As 3s 7s]
Seat 1: BGS013 (button) collected ($9.02)
Seat 2: Calado87 (small blind) folded before Flop
Seat 3: MaRKiToScoK (big blind) folded before Flop
Seat 4: CashfishT folded before Flop (didn't bet)
Seat 5: AAKiller11 folded on the Flop
Seat 6: xxxZeka folded before Flop (didn't bet)



PokerStars Hand #254488894977:  Hold'em No Limit ($0.50/$1.00 USD) - 2025/01/21 20:12:20 WET [2025/01/21 15:12:20 ET]
Table 'Adhara IV' 6-max Seat #2 is the button
Seat 1: BGS013 ($118.52 in chips) 
Seat 2: Calado87 ($98 in chips) 
Seat 3: MaRKiToScoK ($100 in chips) 
Seat 4: CashfishT ($100 in chips) 
Seat 5: AAKiller11 ($107.19 in chips) 
Seat 6: xxxZeka ($100 in chips) 
MaRKiToScoK: posts small blind $0.50
CashfishT: posts big blind $1
*** HOLE CARDS ***
AAKiller11: folds 
xxxZeka: folds 
BGS013: folds 
AAKiller11 leaves the table
BoyLoc0 joins the table at seat #5 
BoyLoc0 leaves the table
Calado87: folds 
MaRKiToScoK: raises $2 to $3
CashfishT: calls $2
*** FLOP *** [Kc 9d 4c]
MaRKiToScoK: checks 
CashfishT: bets $2.85
MaRKiToScoK: folds 
Uncalled bet ($2.85) returned to CashfishT
CashfishT collected $5.70 from pot
CashfishT: doesn't show hand 
*** SUMMARY ***
Total pot $6 | Rake $0.30 
Board [Kc 9d 4c]
Seat 1: BGS013 folded before Flop (didn't bet)
Seat 2: Calado87 (button) folded before Flop (didn't bet)
Seat 3: MaRKiToScoK (small blind) folded on the Flop
Seat 4: CashfishT (big blind) collected ($5.70)
Seat 5: AAKiller11 folded before Flop (didn't bet)
Seat 6: xxxZeka folded before Flop (didn't bet)



PokerStars Hand #254488913189:  Hold'em No Limit ($0.50/$1.00 USD) - 2025/01/21 20:13:21 WET [2025/01/21 15:13:21 ET]
Table 'Adhara IV' 6-max Seat #3 is the button
Seat 1: BGS013 ($118.52 in chips) 
Seat 2: Calado87 ($98 in chips) 
Seat 3: MaRKiToScoK ($100 in chips) 
Seat 4: CashfishT ($102.70 in chips) 
Seat 6: xxxZeka ($100 in chips) 
CashfishT: posts small blind $0.50
xxxZeka: posts big blind $1
*** HOLE CARDS ***
BGS013: folds 
Calado87: raises $2 to $3
henri789 joins the table at seat #5 
MaRKiToScoK: raises $4.50 to $7.50
CashfishT: folds 
xxxZeka: raises $15.02 to $22.52
Calado87: folds 
MaRKiToScoK: folds 
Uncalled bet ($15.02) returned to xxxZeka
xxxZeka collected $18.50 from pot
xxxZeka: doesn't show hand 
*** SUMMARY ***
Total pot $18.50 | Rake $0 
Seat 1: BGS013 folded before Flop (didn't bet)
Seat 2: Calado87 folded before Flop
Seat 3: MaRKiToScoK (button) folded before Flop
Seat 4: CashfishT (small blind) folded before Flop
Seat 6: xxxZeka (big blind) collected ($18.50)



PokerStars Hand #254488922385:  Hold'em No Limit ($0.50/$1.00 USD) - 2025/01/21 20:13:51 WET [2025/01/21 15:13:51 ET]
Table 'Adhara IV' 6-max Seat #4 is the button
Seat 5: henri789 ($100 in chips) is sitting out
Seat 1: BGS013 ($118.52 in chips) 
Seat 2: Calado87 ($95 in chips) 
Seat 3: MaRKiToScoK ($100 in chips) 
Seat 4: CashfishT ($102.20 in chips) 
Seat 6: xxxZeka ($111 in chips) 
xxxZeka: posts small blind $0.50
BGS013: posts big blind $1
*** HOLE CARDS ***
Calado87: folds 
MaRKiToScoK: folds 
CashfishT: folds 
xxxZeka: folds 
Uncalled bet ($0.50) returned to BGS013
BGS013 collected $1 from pot
BGS013: doesn't show hand 
*** SUMMARY ***
Total pot $1 | Rake $0 
Seat 5: henri789
Seat 1: BGS013 (big blind) collected ($1)
Seat 2: Calado87 folded before Flop (didn't bet)
Seat 3: MaRKiToScoK folded before Flop (didn't bet)
Seat 4: CashfishT (button) folded before Flop (didn't bet)
Seat 6: xxxZeka (small blind) folded before Flop



PokerStars Hand #254488927223:  Hold'em No Limit ($0.50/$1.00 USD) - 2025/01/21 20:14:07 WET [2025/01/21 15:14:07 ET]
Table 'Adhara IV' 6-max Seat #6 is the button
Seat 5: henri789 ($100 in chips) is sitting out
Seat 1: BGS013 ($119.02 in chips) 
Seat 2: Calado87 ($95 in chips) 
Seat 3: MaRKiToScoK ($100 in chips) 
Seat 4: CashfishT ($102.20 in chips) 
Seat 6: xxxZeka ($110.50 in chips) 
BGS013: posts small blind $0.50
Calado87: posts big blind $1
henri789: sits out 
*** HOLE CARDS ***
MaRKiToScoK: folds 
CashfishT: raises $1.20 to $2.20
xxxZeka: folds 
BGS013: folds 
Calado87: calls $1.20
*** FLOP *** [2d 3h 4s]
Calado87: checks 
CashfishT: bets $1.54
Calado87: calls $1.54
*** TURN *** [2d 3h 4s] [Kc]
Calado87: checks 
CashfishT: bets $9.48
Calado87: calls $9.48
*** RIVER *** [2d 3h 4s Kc] [9c]
Calado87: checks 
CashfishT: bets $19
Calado87: calls $19
*** SHOW DOWN ***
CashfishT: shows [Ks Ad] (a pair of Kings)
Calado87: shows [4d 4c] (three of a kind, Fours)
Calado87 collected $62.44 from pot
*** SUMMARY ***
Total pot $64.94 | Rake $2.50 
Board [2d 3h 4s Kc 9c]
Seat 5: henri789
Seat 1: BGS013 (small blind) folded before Flop
Seat 2: Calado87 (big blind) showed [4d 4c] and won ($62.44) with three of a kind, Fours
Seat 3: MaRKiToScoK folded before Flop (didn't bet)
Seat 4: CashfishT showed [Ks Ad] and lost with a pair of Kings
Seat 6: xxxZeka (button) folded before Flop (didn't bet)



PokerStars Hand #254488944390:  Hold'em No Limit ($0.50/$1.00 USD) - 2025/01/21 20:15:04 WET [2025/01/21 15:15:04 ET]
Table 'Adhara IV' 6-max Seat #1 is the button
Seat 5: henri789 ($100 in chips) is sitting out
Seat 1: BGS013 ($118.52 in chips) 
Seat 2: Calado87 ($125.22 in chips) 
Seat 3: MaRKiToScoK ($100 in chips) 
Seat 4: CashfishT ($100 in chips) 
Seat 6: xxxZeka ($110.50 in chips) 
Calado87: posts small blind $0.50
MaRKiToScoK: posts big blind $1
henri789: sits out 
*** HOLE CARDS ***
CashfishT: raises $1.20 to $2.20
xxxZeka: folds 
BGS013: folds 
Calado87: folds 
MaRKiToScoK: calls $1.20
*** FLOP *** [9h 8h Js]
MaRKiToScoK: checks 
CashfishT: checks 
*** TURN *** [9h 8h Js] [2h]
MaRKiToScoK: bets $1.54
CashfishT: calls $1.54
*** RIVER *** [9h 8h Js 2h] [6d]
MaRKiToScoK: bets $2.50
CashfishT: folds 
Uncalled bet ($2.50) returned to MaRKiToScoK
MaRKiToScoK collected $7.58 from pot
*** SUMMARY ***
Total pot $7.98 | Rake $0.40 
Board [9h 8h Js 2h 6d]
Seat 5: henri789
Seat 1: BGS013 (button) folded before Flop (didn't bet)
Seat 2: Calado87 (small blind) folded before Flop
Seat 3: MaRKiToScoK (big blind) collected ($7.58)
Seat 4: CashfishT folded on the River
Seat 6: xxxZeka folded before Flop (didn't bet)



PokerStars Hand #254488959323:  Hold'em No Limit ($0.50/$1.00 USD) - 2025/01/21 20:15:54 WET [2025/01/21 15:15:54 ET]
Table 'Adhara IV' 6-max Seat #2 is the button
Seat 5: henri789 ($100 in chips) is sitting out
Seat 1: BGS013 ($118.52 in chips) 
Seat 2: Calado87 ($124.72 in chips) 
Seat 3: MaRKiToScoK ($103.84 in chips) 
Seat 4: CashfishT ($100 in chips) 
Seat 6: xxxZeka ($110.50 in chips) 
MaRKiToScoK: posts small blind $0.50
CashfishT: posts big blind $1
henri789: sits out 
*** HOLE CARDS ***
xxxZeka: folds 
BGS013: folds 
Calado87: raises $2 to $3
MaRKiToScoK: raises $4.50 to $7.50
CashfishT: folds 
Calado87: calls $4.50
*** FLOP *** [3c 6c Td]
MaRKiToScoK: checks 
Calado87: checks 
*** TURN *** [3c 6c Td] [7d]
MaRKiToScoK: bets $5.02
Calado87: calls $5.02
*** RIVER *** [3c 6c Td 7d] [Qs]
MaRKiToScoK: checks 
Calado87: checks 
*** SHOW DOWN ***
MaRKiToScoK: shows [6h 4h] (a pair of Sixes)
Calado87: shows [7c 8c] (a pair of Sevens)
Calado87 collected $24.74 from pot
*** SUMMARY ***
Total pot $26.04 | Rake $1.30 
Board [3c 6c Td 7d Qs]
Seat 5: henri789
Seat 1: BGS013 folded before Flop (didn't bet)
Seat 2: Calado87 (button) showed [7c 8c] and won ($24.74) with a pair of Sevens
Seat 3: MaRKiToScoK (small blind) showed [6h 4h] and lost with a pair of Sixes
Seat 4: CashfishT (big blind) folded before Flop
Seat 6: xxxZeka folded before Flop (didn't bet)



PokerStars Hand #254488973443:  Hold'em No Limit ($0.50/$1.00 USD) - 2025/01/21 20:16:39 WET [2025/01/21 15:16:39 ET]
Table 'Adhara IV' 6-max Seat #3 is the button
Seat 1: BGS013 ($118.52 in chips) 
Seat 2: Calado87 ($136.94 in chips) 
Seat 3: MaRKiToScoK ($100 in chips) 
Seat 4: CashfishT ($100 in chips) 
Seat 5: henri789 ($100 in chips) 
Seat 6: xxxZeka ($110.50 in chips) 
CashfishT: posts small blind $0.50
henri789: posts big blind $1
*** HOLE CARDS ***
xxxZeka: folds 
BGS013: folds 
Calado87: raises $2 to $3
MaRKiToScoK: folds 
CashfishT: folds 
henri789: raises $9 to $12
Calado87: calls $9
*** FLOP *** [Qs 3h 7c]
henri789: bets $7.68
Calado87: folds 
Uncalled bet ($7.68) returned to henri789
henri789 collected $23.28 from pot
henri789: doesn't show hand 
*** SUMMARY ***
Total pot $24.50 | Rake $1.22 
Board [Qs 3h 7c]
Seat 1: BGS013 folded before Flop (didn't bet)
Seat 2: Calado87 folded on the Flop
Seat 3: MaRKiToScoK (button) folded before Flop (didn't bet)
Seat 4: CashfishT (small blind) folded before Flop
Seat 5: henri789 (big blind) collected ($23.28)
Seat 6: xxxZeka folded before Flop (didn't bet)



PokerStars Hand #254488990846:  Hold'em No Limit ($0.50/$1.00 USD) - 2025/01/21 20:17:36 WET [2025/01/21 15:17:36 ET]
Table 'Adhara IV' 6-max Seat #4 is the button
Seat 1: BGS013 ($118.52 in chips) 
Seat 2: Calado87 ($124.94 in chips) 
Seat 3: MaRKiToScoK ($100 in chips) 
Seat 4: CashfishT ($100 in chips) 
Seat 5: henri789 ($111.28 in chips) 
Seat 6: xxxZeka ($110.50 in chips) 
henri789: posts small blind $0.50
xxxZeka: posts big blind $1
*** HOLE CARDS ***
BGS013: folds 
Calado87: folds 
MaRKiToScoK: raises $1.25 to $2.25
CashfishT: folds 
henri789: raises $7.75 to $10
xxxZeka: folds 
MaRKiToScoK: calls $7.75
*** FLOP *** [Td Kh 6d]
henri789: bets $6.58
MaRKiToScoK: folds 
Uncalled bet ($6.58) returned to henri789
henri789 collected $19.95 from pot
henri789: doesn't show hand 
*** SUMMARY ***
Total pot $21 | Rake $1.05 
Board [Td Kh 6d]
Seat 1: BGS013 folded before Flop (didn't bet)
Seat 2: Calado87 folded before Flop (didn't bet)
Seat 3: MaRKiToScoK folded on the Flop
Seat 4: CashfishT (button) folded before Flop (didn't bet)
Seat 5: henri789 (small blind) collected ($19.95)
Seat 6: xxxZeka (big blind) folded before Flop



PokerStars Hand #254489004833:  Hold'em No Limit ($0.50/$1.00 USD) - 2025/01/21 20:18:22 WET [2025/01/21 15:18:22 ET]
Table 'Adhara IV' 6-max Seat #5 is the button
Seat 1: BGS013 ($118.52 in chips) 
Seat 2: Calado87 ($124.94 in chips) 
Seat 3: MaRKiToScoK ($100 in chips) 
Seat 4: CashfishT ($100 in chips) 
Seat 5: henri789 ($121.23 in chips) 
Seat 6: xxxZeka ($109.50 in chips) 
xxxZeka: posts small blind $0.50
BGS013: posts big blind $1
*** HOLE CARDS ***
Calado87: folds 
MaRKiToScoK: folds 
CashfishT: folds 
henri789: folds 
xxxZeka: folds 
Uncalled bet ($0.50) returned to BGS013
BGS013 collected $1 from pot
BGS013: doesn't show hand 
*** SUMMARY ***
Total pot $1 | Rake $0 
Seat 1: BGS013 (big blind) collected ($1)
Seat 2: Calado87 folded before Flop (didn't bet)
Seat 3: MaRKiToScoK folded before Flop (didn't bet)
Seat 4: CashfishT folded before Flop (didn't bet)
Seat 5: henri789 (button) folded before Flop (didn't bet)
Seat 6: xxxZeka (small blind) folded before Flop



PokerStars Hand #254489010461:  Hold'em No Limit ($0.50/$1.00 USD) - 2025/01/21 20:18:41 WET [2025/01/21 15:18:41 ET]
Table 'Adhara IV' 6-max Seat #6 is the button
Seat 1: BGS013 ($119.02 in chips) 
Seat 2: Calado87 ($124.94 in chips) 
Seat 3: MaRKiToScoK ($100 in chips) 
Seat 4: CashfishT ($100 in chips) 
Seat 5: henri789 ($121.23 in chips) 
Seat 6: xxxZeka ($109 in chips) 
BGS013: posts small blind $0.50
Calado87: posts big blind $1
*** HOLE CARDS ***
MaRKiToScoK: raises $1 to $2
CashfishT: folds 
henri789: folds 
xxxZeka: folds 
BGS013: folds 
Calado87: calls $1
*** FLOP *** [Ac Jc 5d]
Calado87: checks 
MaRKiToScoK: checks 
*** TURN *** [Ac Jc 5d] [5h]
Calado87: bets $3.14
MaRKiToScoK: calls $3.14
*** RIVER *** [Ac Jc 5d 5h] [Ts]
Calado87: checks 
MaRKiToScoK: checks 
*** SHOW DOWN ***
Calado87: shows [Jh Th] (two pair, Jacks and Tens)
MaRKiToScoK: mucks hand 
Calado87 collected $10.24 from pot
*** SUMMARY ***
Total pot $10.78 | Rake $0.54 
Board [Ac Jc 5d 5h Ts]
Seat 1: BGS013 (small blind) folded before Flop
Seat 2: Calado87 (big blind) showed [Jh Th] and won ($10.24) with two pair, Jacks and Tens
Seat 3: MaRKiToScoK mucked
Seat 4: CashfishT folded before Flop (didn't bet)
Seat 5: henri789 folded before Flop (didn't bet)
Seat 6: xxxZeka (button) folded before Flop (didn't bet)



PokerStars Hand #254489025545:  Hold'em No Limit ($0.50/$1.00 USD) - 2025/01/21 20:19:31 WET [2025/01/21 15:19:31 ET]
Table 'Adhara IV' 6-max Seat #1 is the button
Seat 1: BGS013 ($118.52 in chips) 
Seat 2: Calado87 ($130.04 in chips) 
Seat 3: MaRKiToScoK ($100 in chips) 
Seat 4: CashfishT ($100 in chips) 
Seat 5: henri789 ($121.23 in chips) 
Seat 6: xxxZeka ($109 in chips) 
Calado87: posts small blind $0.50
MaRKiToScoK: posts big blind $1
*** HOLE CARDS ***
CashfishT: folds 
henri789: folds 
xxxZeka: folds 
BGS013: raises $1.50 to $2.50
Calado87: folds 
MaRKiToScoK: folds 
Uncalled bet ($1.50) returned to BGS013
BGS013 collected $2.50 from pot
BGS013: doesn't show hand 
*** SUMMARY ***
Total pot $2.50 | Rake $0 
Seat 1: BGS013 (button) collected ($2.50)
Seat 2: Calado87 (small blind) folded before Flop
Seat 3: MaRKiToScoK (big blind) folded before Flop
Seat 4: CashfishT folded before Flop (didn't bet)
Seat 5: henri789 folded before Flop (didn't bet)
Seat 6: xxxZeka folded before Flop (didn't bet)



PokerStars Hand #254489032611:  Hold'em No Limit ($0.50/$1.00 USD) - 2025/01/21 20:19:54 WET [2025/01/21 15:19:54 ET]
Table 'Adhara IV' 6-max Seat #2 is the button
Seat 1: BGS013 ($120.02 in chips) 
Seat 2: Calado87 ($129.54 in chips) 
Seat 3: MaRKiToScoK ($100 in chips) 
Seat 4: CashfishT ($100 in chips) 
Seat 5: henri789 ($121.23 in chips) 
Seat 6: xxxZeka ($109 in chips) 
MaRKiToScoK: posts small blind $0.50
CashfishT: posts big blind $1
*** HOLE CARDS ***
henri789: folds 
xxxZeka: folds 
BGS013: folds 
Calado87: folds 
MaRKiToScoK: raises $2 to $3
CashfishT: folds 
Uncalled bet ($2) returned to MaRKiToScoK
MaRKiToScoK collected $2 from pot
*** SUMMARY ***
Total pot $2 | Rake $0 
Seat 1: BGS013 folded before Flop (didn't bet)
Seat 2: Calado87 (button) folded before Flop (didn't bet)
Seat 3: MaRKiToScoK (small blind) collected ($2)
Seat 4: CashfishT (big blind) folded before Flop
Seat 5: henri789 folded before Flop (didn't bet)
Seat 6: xxxZeka folded before Flop (didn't bet)



PokerStars Hand #254489038661:  Hold'em No Limit ($0.50/$1.00 USD) - 2025/01/21 20:20:14 WET [2025/01/21 15:20:14 ET]
Table 'Adhara IV' 6-max Seat #3 is the button
Seat 1: BGS013 ($120.02 in chips) 
Seat 2: Calado87 ($129.54 in chips) 
Seat 3: MaRKiToScoK ($101 in chips) 
Seat 4: CashfishT ($100 in chips) 
Seat 5: henri789 ($121.23 in chips) 
Seat 6: xxxZeka ($109 in chips) 
CashfishT: posts small blind $0.50
henri789: posts big blind $1
*** HOLE CARDS ***
xxxZeka: folds 
BGS013: folds 
Calado87: raises $2 to $3
MaRKiToScoK: folds 
CashfishT: folds 
henri789: folds 
Uncalled bet ($2) returned to Calado87
Calado87 collected $2.50 from pot
*** SUMMARY ***
Total pot $2.50 | Rake $0 
Seat 1: BGS013 folded before Flop (didn't bet)
Seat 2: Calado87 collected ($2.50)
Seat 3: MaRKiToScoK (button) folded before Flop (didn't bet)
Seat 4: CashfishT (small blind) folded before Flop
Seat 5: henri789 (big blind) folded before Flop
Seat 6: xxxZeka folded before Flop (didn't bet)



PokerStars Hand #254489045284:  Hold'em No Limit ($0.50/$1.00 USD) - 2025/01/21 20:20:36 WET [2025/01/21 15:20:36 ET]
Table 'Adhara IV' 6-max Seat #4 is the button
Seat 1: BGS013 ($120.02 in chips) 
Seat 2: Calado87 ($131.04 in chips) 
Seat 3: MaRKiToScoK ($101 in chips) 
Seat 4: CashfishT ($100 in chips) 
Seat 5: henri789 ($120.23 in chips) 
Seat 6: xxxZeka ($109 in chips) 
henri789: posts small blind $0.50
xxxZeka: posts big blind $1
*** HOLE CARDS ***
BGS013: folds 
Calado87: raises $2 to $3
MaRKiToScoK: folds 
CashfishT: raises $6 to $9
henri789: folds 
xxxZeka: folds 
Calado87: calls $6
*** FLOP *** [3d 4h 8h]
Calado87: checks 
CashfishT: bets $9.26
Calado87: calls $9.26
*** TURN *** [3d 4h 8h] [2c]
Calado87: checks 
CashfishT: checks 
*** RIVER *** [3d 4h 8h 2c] [6c]
Calado87: bets $18.06
CashfishT: folds 
Uncalled bet ($18.06) returned to Calado87
Calado87 collected $36.12 from pot
*** SUMMARY ***
Total pot $38.02 | Rake $1.90 
Board [3d 4h 8h 2c 6c]
Seat 1: BGS013 folded before Flop (didn't bet)
Seat 2: Calado87 collected ($36.12)
Seat 3: MaRKiToScoK folded before Flop (didn't bet)
Seat 4: CashfishT (button) folded on the River
Seat 5: henri789 (small blind) folded before Flop
Seat 6: xxxZeka (big blind) folded before Flop



PokerStars Hand #254489061851:  Hold'em No Limit ($0.50/$1.00 USD) - 2025/01/21 20:21:31 WET [2025/01/21 15:21:31 ET]
Table 'Adhara IV' 6-max Seat #5 is the button
Seat 1: BGS013 ($120.02 in chips) 
Seat 2: Calado87 ($148.90 in chips) 
Seat 3: MaRKiToScoK ($101 in chips) 
Seat 4: CashfishT ($100 in chips) 
Seat 5: henri789 ($119.73 in chips) 
Seat 6: xxxZeka ($108 in chips) 
xxxZeka: posts small blind $0.50
BGS013: posts big blind $1
*** HOLE CARDS ***
Calado87: folds 
MaRKiToScoK: folds 
CashfishT: folds 
henri789: folds 
xxxZeka: folds 
Uncalled bet ($0.50) returned to BGS013
BGS013 collected $1 from pot
BGS013: doesn't show hand 
*** SUMMARY ***
Total pot $1 | Rake $0 
Seat 1: BGS013 (big blind) collected ($1)
Seat 2: Calado87 folded before Flop (didn't bet)
Seat 3: MaRKiToScoK folded before Flop (didn't bet)
Seat 4: CashfishT folded before Flop (didn't bet)
Seat 5: henri789 (button) folded before Flop (didn't bet)
Seat 6: xxxZeka (small blind) folded before Flop



PokerStars Hand #254489066057:  Hold'em No Limit ($0.50/$1.00 USD) - 2025/01/21 20:21:45 WET [2025/01/21 15:21:45 ET]
Table 'Adhara IV' 6-max Seat #6 is the button
Seat 1: BGS013 ($120.52 in chips) 
Seat 2: Calado87 ($148.90 in chips) 
Seat 3: MaRKiToScoK ($101 in chips) 
Seat 4: CashfishT ($100 in chips) 
Seat 5: henri789 ($119.73 in chips) 
Seat 6: xxxZeka ($107.50 in chips) 
BGS013: posts small blind $0.50
Calado87: posts big blind $1
*** HOLE CARDS ***
MaRKiToScoK: folds 
CashfishT: folds 
henri789: raises $1.50 to $2.50
xxxZeka: folds 
BGS013: folds 
Calado87: folds 
Uncalled bet ($1.50) returned to henri789
henri789 collected $2.50 from pot
henri789: doesn't show hand 
*** SUMMARY ***
Total pot $2.50 | Rake $0 
Seat 1: BGS013 (small blind) folded before Flop
Seat 2: Calado87 (big blind) folded before Flop
Seat 3: MaRKiToScoK folded before Flop (didn't bet)
Seat 4: CashfishT folded before Flop (didn't bet)
Seat 5: henri789 collected ($2.50)
Seat 6: xxxZeka (button) folded before Flop (didn't bet)



PokerStars Hand #254489073857:  Hold'em No Limit ($0.50/$1.00 USD) - 2025/01/21 20:22:10 WET [2025/01/21 15:22:10 ET]
Table 'Adhara IV' 6-max Seat #1 is the button
Seat 1: BGS013 ($120.02 in chips) 
Seat 2: Calado87 ($147.90 in chips) 
Seat 3: MaRKiToScoK ($101 in chips) 
Seat 4: CashfishT ($100 in chips) 
Seat 5: henri789 ($121.23 in chips) 
Seat 6: xxxZeka ($107.50 in chips) 
Calado87: posts small blind $0.50
MaRKiToScoK: posts big blind $1
*** HOLE CARDS ***
CashfishT: folds 
CashfishT leaves the table
henri789: folds 
xxxZeka: raises $1.50 to $2.50
BGS013: folds 
Calado87: folds 
BumHuntKing joins the table at seat #4 
MaRKiToScoK: folds 
Uncalled bet ($1.50) returned to xxxZeka
xxxZeka collected $2.50 from pot
xxxZeka: doesn't show hand 
*** SUMMARY ***
Total pot $2.50 | Rake $0 
Seat 1: BGS013 (button) folded before Flop (didn't bet)
Seat 2: Calado87 (small blind) folded before Flop
Seat 3: MaRKiToScoK (big blind) folded before Flop
Seat 4: CashfishT folded before Flop (didn't bet)
Seat 5: henri789 folded before Flop (didn't bet)
Seat 6: xxxZeka collected ($2.50)



PokerStars Hand #254489080268:  Hold'em No Limit ($0.50/$1.00 USD) - 2025/01/21 20:22:32 WET [2025/01/21 15:22:32 ET]
Table 'Adhara IV' 6-max Seat #2 is the button
Seat 1: BGS013 ($120.02 in chips) 
Seat 2: Calado87 ($147.40 in chips) 
Seat 3: MaRKiToScoK ($100 in chips) 
Seat 4: BumHuntKing ($100 in chips) 
Seat 5: henri789 ($121.23 in chips) 
Seat 6: xxxZeka ($109 in chips) 
MaRKiToScoK: posts small blind $0.50
BumHuntKing: posts big blind $1
*** HOLE CARDS ***
henri789: folds 
henri789 leaves the table
xxxZeka: raises $1.50 to $2.50
BGS013: folds 
Calado87: folds 
MaRKiToScoK: folds 
BumHuntKing: calls $1.50
*** FLOP *** [7d 8s 3d]
BumHuntKing: checks 
Unipoker11 joins the table at seat #5 
xxxZeka: checks 
*** TURN *** [7d 8s 3d] [Ac]
BumHuntKing: bets $1.72
xxxZeka: calls $1.72
*** RIVER *** [7d 8s 3d Ac] [4h]
BumHuntKing: checks 
xxxZeka: bets $8.49
BumHuntKing: folds 
Uncalled bet ($8.49) returned to xxxZeka
xxxZeka collected $8.49 from pot
xxxZeka: doesn't show hand 
*** SUMMARY ***
Total pot $8.94 | Rake $0.45 
Board [7d 8s 3d Ac 4h]
Seat 1: BGS013 folded before Flop (didn't bet)
Seat 2: Calado87 (button) folded before Flop (didn't bet)
Seat 3: MaRKiToScoK (small blind) folded before Flop
Seat 4: BumHuntKing (big blind) folded on the River
Seat 5: henri789 folded before Flop (didn't bet)
Seat 6: xxxZeka collected ($8.49)



PokerStars Hand #254489107629:  Hold'em No Limit ($0.50/$1.00 USD) - 2025/01/21 20:24:03 WET [2025/01/21 15:24:03 ET]
Table 'Adhara IV' 6-max Seat #3 is the button
Seat 1: BGS013 ($120.02 in chips) 
Seat 2: Calado87 ($147.40 in chips) 
Seat 3: MaRKiToScoK ($100 in chips) 
Seat 4: BumHuntKing ($100 in chips) 
Seat 5: Unipoker11 ($100 in chips) 
Seat 6: xxxZeka ($113.27 in chips) 
BumHuntKing: posts small blind $0.50
Unipoker11: posts big blind $1
*** HOLE CARDS ***
xxxZeka: folds 
BGS013: folds 
Calado87: folds 
MaRKiToScoK: folds 
BumHuntKing: folds 
Uncalled bet ($0.50) returned to Unipoker11
Unipoker11 collected $1 from pot
Unipoker11: doesn't show hand 
*** SUMMARY ***
Total pot $1 | Rake $0 
Seat 1: BGS013 folded before Flop (didn't bet)
Seat 2: Calado87 folded before Flop (didn't bet)
Seat 3: MaRKiToScoK (button) folded before Flop (didn't bet)
Seat 4: BumHuntKing (small blind) folded before Flop
Seat 5: Unipoker11 (big blind) collected ($1)
Seat 6: xxxZeka folded before Flop (didn't bet)



PokerStars Hand #254489112734:  Hold'em No Limit ($0.50/$1.00 USD) - 2025/01/21 20:24:19 WET [2025/01/21 15:24:19 ET]
Table 'Adhara IV' 6-max Seat #4 is the button
Seat 1: BGS013 ($120.02 in chips) 
Seat 2: Calado87 ($147.40 in chips) 
Seat 3: MaRKiToScoK ($100 in chips) 
Seat 4: BumHuntKing ($100 in chips) 
Seat 5: Unipoker11 ($100.50 in chips) 
Seat 6: xxxZeka ($113.27 in chips) 
Unipoker11: posts small blind $0.50
xxxZeka: posts big blind $1
*** HOLE CARDS ***
BGS013: folds 
Calado87: folds 
MaRKiToScoK: raises $1.25 to $2.25
BumHuntKing: folds 
Unipoker11: raises $8.75 to $11
xxxZeka: folds 
MaRKiToScoK: folds 
Uncalled bet ($8.75) returned to Unipoker11
Unipoker11 collected $5.50 from pot
Unipoker11: doesn't show hand 
*** SUMMARY ***
Total pot $5.50 | Rake $0 
Seat 1: BGS013 folded before Flop (didn't bet)
Seat 2: Calado87 folded before Flop (didn't bet)
Seat 3: MaRKiToScoK folded before Flop
Seat 4: BumHuntKing (button) folded before Flop (didn't bet)
Seat 5: Unipoker11 (small blind) collected ($5.50)
Seat 6: xxxZeka (big blind) folded before Flop



PokerStars Hand #254489126452:  Hold'em No Limit ($0.50/$1.00 USD) - 2025/01/21 20:25:05 WET [2025/01/21 15:25:05 ET]
Table 'Adhara IV' 6-max Seat #5 is the button
Seat 1: BGS013 ($120.02 in chips) 
Seat 2: Calado87 ($147.40 in chips) 
Seat 3: MaRKiToScoK ($100 in chips) 
Seat 4: BumHuntKing ($100 in chips) 
Seat 5: Unipoker11 ($103.75 in chips) 
Seat 6: xxxZeka ($112.27 in chips) 
xxxZeka: posts small blind $0.50
BGS013: posts big blind $1
*** HOLE CARDS ***
Calado87: folds 
MaRKiToScoK: folds 
BumHuntKing: raises $1.20 to $2.20
Unipoker11: folds 
xxxZeka: folds 
BGS013: folds 
Uncalled bet ($1.20) returned to BumHuntKing
BumHuntKing collected $2.50 from pot
BumHuntKing: doesn't show hand 
*** SUMMARY ***
Total pot $2.50 | Rake $0 
Seat 1: BGS013 (big blind) folded before Flop
Seat 2: Calado87 folded before Flop (didn't bet)
Seat 3: MaRKiToScoK folded before Flop (didn't bet)
Seat 4: BumHuntKing collected ($2.50)
Seat 5: Unipoker11 (button) folded before Flop (didn't bet)
Seat 6: xxxZeka (small blind) folded before Flop



PokerStars Hand #254489135627:  Hold'em No Limit ($0.50/$1.00 USD) - 2025/01/21 20:25:36 WET [2025/01/21 15:25:36 ET]
Table 'Adhara IV' 6-max Seat #6 is the button
Seat 1: BGS013 ($119.02 in chips) 
Seat 2: Calado87 ($147.40 in chips) 
Seat 3: MaRKiToScoK ($100 in chips) 
Seat 4: BumHuntKing ($101.50 in chips) 
Seat 5: Unipoker11 ($103.75 in chips) 
Seat 6: xxxZeka ($111.77 in chips) 
BGS013: posts small blind $0.50
Calado87: posts big blind $1
*** HOLE CARDS ***
MaRKiToScoK: folds 
BumHuntKing: folds 
Unipoker11: folds 
xxxZeka: folds 
BGS013: raises $2 to $3
Calado87: folds 
Uncalled bet ($2) returned to BGS013
BGS013 collected $2 from pot
BGS013: doesn't show hand 
*** SUMMARY ***
Total pot $2 | Rake $0 
Seat 1: BGS013 (small blind) collected ($2)
Seat 2: Calado87 (big blind) folded before Flop
Seat 3: MaRKiToScoK folded before Flop (didn't bet)
Seat 4: BumHuntKing folded before Flop (didn't bet)
Seat 5: Unipoker11 folded before Flop (didn't bet)
Seat 6: xxxZeka (button) folded before Flop (didn't bet)



PokerStars Hand #254489139794:  Hold'em No Limit ($0.50/$1.00 USD) - 2025/01/21 20:25:49 WET [2025/01/21 15:25:49 ET]
Table 'Adhara IV' 6-max Seat #1 is the button
Seat 2: Calado87 ($146.40 in chips) is sitting out
Seat 1: BGS013 ($120.02 in chips) 
Seat 3: MaRKiToScoK ($100 in chips) 
Seat 4: BumHuntKing ($101.50 in chips) 
Seat 5: Unipoker11 ($103.75 in chips) 
Seat 6: xxxZeka ($111.77 in chips) 
Calado87 has timed out
Calado87: is sitting out 
MaRKiToScoK: posts small blind $0.50
BumHuntKing: posts big blind $1
*** HOLE CARDS ***
Unipoker11: folds 
xxxZeka: folds 
BGS013: folds 
MaRKiToScoK: raises $2 to $3
BumHuntKing: folds 
Uncalled bet ($2) returned to MaRKiToScoK
MaRKiToScoK collected $2 from pot
*** SUMMARY ***
Total pot $2 | Rake $0 
Seat 2: Calado87
Seat 1: BGS013 (button) folded before Flop (didn't bet)
Seat 3: MaRKiToScoK (small blind) collected ($2)
Seat 4: BumHuntKing (big blind) folded before Flop
Seat 5: Unipoker11 folded before Flop (didn't bet)
Seat 6: xxxZeka folded before Flop (didn't bet)



PokerStars Hand #254489151020:  Hold'em No Limit ($0.50/$1.00 USD) - 2025/01/21 20:26:26 WET [2025/01/21 15:26:26 ET]
Table 'Adhara IV' 6-max Seat #3 is the button
Seat 1: BGS013 ($120.02 in chips) 
Seat 2: Calado87 ($146.40 in chips) 
Seat 3: MaRKiToScoK ($101 in chips) 
Seat 4: BumHuntKing ($100.50 in chips) 
Seat 5: Unipoker11 ($103.75 in chips) 
Seat 6: xxxZeka ($111.77 in chips) 
BumHuntKing: posts small blind $0.50
Unipoker11: posts big blind $1
Calado87: posts small blind $0.50
*** HOLE CARDS ***
xxxZeka: folds 
BGS013: folds 
Calado87: raises $2 to $3
MaRKiToScoK: raises $2.50 to $5.50
BumHuntKing: folds 
Unipoker11: folds 
Calado87: calls $2.50
*** FLOP *** [Td Ts 8h]
Calado87: checks 
MaRKiToScoK: bets $4.08
Calado87: folds 
Uncalled bet ($4.08) returned to MaRKiToScoK
MaRKiToScoK collected $12.35 from pot
*** SUMMARY ***
Total pot $13 | Rake $0.65 
Board [Td Ts 8h]
Seat 1: BGS013 folded before Flop (didn't bet)
Seat 2: Calado87 folded on the Flop
Seat 3: MaRKiToScoK (button) collected ($12.35)
Seat 4: BumHuntKing (small blind) folded before Flop
Seat 5: Unipoker11 (big blind) folded before Flop
Seat 6: xxxZeka folded before Flop (didn't bet)



PokerStars Hand #254489168280:  Hold'em No Limit ($0.50/$1.00 USD) - 2025/01/21 20:27:24 WET [2025/01/21 15:27:24 ET]
Table 'Adhara IV' 6-max Seat #4 is the button
Seat 1: BGS013 ($120.02 in chips) 
Seat 2: Calado87 ($140.40 in chips) 
Seat 3: MaRKiToScoK ($107.85 in chips) 
Seat 4: BumHuntKing ($100 in chips) 
Seat 5: Unipoker11 ($102.75 in chips) 
Seat 6: xxxZeka ($111.77 in chips) 
Unipoker11: posts small blind $0.50
xxxZeka: posts big blind $1
*** HOLE CARDS ***
BGS013: folds 
Calado87: folds 
MaRKiToScoK: folds 
BumHuntKing: folds 
Unipoker11: folds 
Uncalled bet ($0.50) returned to xxxZeka
xxxZeka collected $1 from pot
xxxZeka: doesn't show hand 
*** SUMMARY ***
Total pot $1 | Rake $0 
Seat 1: BGS013 folded before Flop (didn't bet)
Seat 2: Calado87 folded before Flop (didn't bet)
Seat 3: MaRKiToScoK folded before Flop (didn't bet)
Seat 4: BumHuntKing (button) folded before Flop (didn't bet)
Seat 5: Unipoker11 (small blind) folded before Flop
Seat 6: xxxZeka (big blind) collected ($1)



PokerStars Hand #254489173567:  Hold'em No Limit ($0.50/$1.00 USD) - 2025/01/21 20:27:41 WET [2025/01/21 15:27:41 ET]
Table 'Adhara IV' 6-max Seat #5 is the button
Seat 1: BGS013 ($120.02 in chips) 
Seat 2: Calado87 ($140.40 in chips) 
Seat 3: MaRKiToScoK ($107.85 in chips) 
Seat 4: BumHuntKing ($100 in chips) 
Seat 5: Unipoker11 ($102.25 in chips) 
Seat 6: xxxZeka ($112.27 in chips) 
xxxZeka: posts small blind $0.50
BGS013: posts big blind $1
*** HOLE CARDS ***
Calado87: folds 
MaRKiToScoK: raises $1 to $2
BumHuntKing: folds 
Unipoker11: folds 
xxxZeka: folds 
BGS013: folds 
Uncalled bet ($1) returned to MaRKiToScoK
MaRKiToScoK collected $2.50 from pot
*** SUMMARY ***
Total pot $2.50 | Rake $0 
Seat 1: BGS013 (big blind) folded before Flop
Seat 2: Calado87 folded before Flop (didn't bet)
Seat 3: MaRKiToScoK collected ($2.50)
Seat 4: BumHuntKing folded before Flop (didn't bet)
Seat 5: Unipoker11 (button) folded before Flop (didn't bet)
Seat 6: xxxZeka (small blind) folded before Flop



PokerStars Hand #254489181030:  Hold'em No Limit ($0.50/$1.00 USD) - 2025/01/21 20:28:06 WET [2025/01/21 15:28:06 ET]
Table 'Adhara IV' 6-max Seat #6 is the button
Seat 1: BGS013 ($119.02 in chips) 
Seat 2: Calado87 ($140.40 in chips) 
Seat 3: MaRKiToScoK ($109.35 in chips) 
Seat 4: BumHuntKing ($100 in chips) 
Seat 5: Unipoker11 ($102.25 in chips) 
Seat 6: xxxZeka ($111.77 in chips) 
BGS013: posts small blind $0.50
Calado87: posts big blind $1
*** HOLE CARDS ***
MaRKiToScoK: folds 
BumHuntKing: folds 
Unipoker11: folds 
xxxZeka: folds 
BGS013: folds 
Uncalled bet ($0.50) returned to Calado87
Calado87 collected $1 from pot
*** SUMMARY ***
Total pot $1 | Rake $0 
Seat 1: BGS013 (small blind) folded before Flop
Seat 2: Calado87 (big blind) collected ($1)
Seat 3: MaRKiToScoK folded before Flop (didn't bet)
Seat 4: BumHuntKing folded before Flop (didn't bet)
Seat 5: Unipoker11 folded before Flop (didn't bet)
Seat 6: xxxZeka (button) folded before Flop (didn't bet)



