PokerStars Hand #254485177538:  Hold'em No Limit ($0.50/$1.00 USD) - 2025/01/21 16:16:48 WET [2025/01/21 11:16:48 ET]
Table 'Padua IV' 6-max Seat #6 is the button
Seat 1: poker_soul11 ($100 in chips) 
Seat 2: ReVeu710 ($100 in chips) 
Seat 3: sxmokane ($53.94 in chips) 
Seat 4: Poker9803 ($100 in chips) 
Seat 5: v.sting ($100 in chips) 
Seat 6: CichiChanMarian ($100 in chips) 
poker_soul11: posts small blind $0.50
ReVeu710: posts big blind $1
*** HOLE CARDS ***
sxmokane: calls $1
Poker9803: raises $2.50 to $3.50
v.sting: folds 
CichiChanMarian: folds 
poker_soul11: folds 
ReVeu710: folds 
sxmokane: calls $2.50
*** FLOP *** [2s Th 6s]
sxmokane: checks 
Poker9803: checks 
*** TURN *** [2s Th 6s] [7s]
sxmokane: bets $4.04
Poker9803: folds 
Uncalled bet ($4.04) returned to sxmokane
sxmokane collected $8.08 from pot
*** SUMMARY ***
Total pot $8.50 | Rake $0.42 
Board [2s Th 6s 7s]
Seat 1: poker_soul11 (small blind) folded before Flop
Seat 2: ReVeu710 (big blind) folded before Flop
Seat 3: sxmokane collected ($8.08)
Seat 4: Poker9803 folded on the Turn
Seat 5: v.sting folded before Flop (didn't bet)
Seat 6: CichiChanMarian (button) folded before Flop (didn't bet)



PokerStars Hand #254485186244:  Hold'em No Limit ($0.50/$1.00 USD) - 2025/01/21 16:17:27 WET [2025/01/21 11:17:27 ET]
Table 'Padua IV' 6-max Seat #1 is the button
Seat 1: poker_soul11 ($100 in chips) 
Seat 2: ReVeu710 ($100 in chips) 
Seat 3: sxmokane ($58.52 in chips) 
Seat 4: Poker9803 ($100 in chips) 
Seat 5: v.sting ($100 in chips) 
Seat 6: CichiChanMarian ($100 in chips) 
ReVeu710: posts small blind $0.50
sxmokane: posts big blind $1
*** HOLE CARDS ***
Poker9803: folds 
v.sting: raises $1.50 to $2.50
CichiChanMarian: folds 
poker_soul11: raises $5 to $7.50
ReVeu710: folds 
sxmokane: calls $6.50
v.sting: calls $5
*** FLOP *** [9h Tc 8h]
sxmokane: checks 
v.sting: checks 
poker_soul11: checks 
*** TURN *** [9h Tc 8h] [Qh]
sxmokane: checks 
v.sting: checks 
poker_soul11: checks 
*** RIVER *** [9h Tc 8h Qh] [Js]
sxmokane: checks 
v.sting: checks 
poker_soul11: checks 
*** SHOW DOWN ***
sxmokane: shows [Qd 6d] (a straight, Eight to Queen)
v.sting: shows [9s 9d] (a straight, Eight to Queen)
poker_soul11: shows [7h 7c] (a straight, Eight to Queen)
sxmokane collected $7.29 from pot
v.sting collected $7.28 from pot
poker_soul11 collected $7.28 from pot
*** SUMMARY ***
Total pot $23 | Rake $1.15 
Board [9h Tc 8h Qh Js]
Seat 1: poker_soul11 (button) showed [7h 7c] and won ($7.28) with a straight, Eight to Queen
Seat 2: ReVeu710 (small blind) folded before Flop
Seat 3: sxmokane (big blind) showed [Qd 6d] and won ($7.29) with a straight, Eight to Queen
Seat 4: Poker9803 folded before Flop (didn't bet)
Seat 5: v.sting showed [9s 9d] and won ($7.28) with a straight, Eight to Queen
Seat 6: CichiChanMarian folded before Flop (didn't bet)



PokerStars Hand #254485200474:  Hold'em No Limit ($0.50/$1.00 USD) - 2025/01/21 16:18:30 WET [2025/01/21 11:18:30 ET]
Table 'Padua IV' 6-max Seat #2 is the button
Seat 1: poker_soul11 ($100 in chips) 
Seat 2: ReVeu710 ($100 in chips) 
Seat 3: sxmokane ($58.31 in chips) 
Seat 4: Poker9803 ($100 in chips) 
Seat 5: v.sting ($100 in chips) 
Seat 6: CichiChanMarian ($100 in chips) 
sxmokane: posts small blind $0.50
Poker9803: posts big blind $1
*** HOLE CARDS ***
v.sting is disconnected 
v.sting has timed out while being disconnected
v.sting: folds 
CichiChanMarian: folds 
poker_soul11: folds 
ReVeu710: folds 
sxmokane: calls $0.50
Poker9803: checks 
*** FLOP *** [6h 3h Kh]
sxmokane: bets $1.90
Poker9803: folds 
Uncalled bet ($1.90) returned to sxmokane
sxmokane collected $1.90 from pot
*** SUMMARY ***
Total pot $2 | Rake $0.10 
Board [6h 3h Kh]
Seat 1: poker_soul11 folded before Flop (didn't bet)
Seat 2: ReVeu710 (button) folded before Flop (didn't bet)
Seat 3: sxmokane (small blind) collected ($1.90)
Seat 4: Poker9803 (big blind) folded on the Flop
Seat 5: v.sting folded before Flop (didn't bet)
Seat 6: CichiChanMarian folded before Flop (didn't bet)



PokerStars Hand #254485214006:  Hold'em No Limit ($0.50/$1.00 USD) - 2025/01/21 16:19:31 WET [2025/01/21 11:19:31 ET]
Table 'Padua IV' 6-max Seat #3 is the button
Seat 1: poker_soul11 ($100 in chips) 
Seat 2: ReVeu710 ($100 in chips) 
Seat 3: sxmokane ($59.21 in chips) 
Seat 4: Poker9803 ($100 in chips) 
Seat 5: v.sting ($100 in chips) 
Seat 6: CichiChanMarian ($100 in chips) 
Poker9803: posts small blind $0.50
v.sting: posts big blind $1
*** HOLE CARDS ***
CichiChanMarian: folds 
poker_soul11: folds 
ReVeu710: folds 
sxmokane: raises $2 to $3
Poker9803: folds 
v.sting: calls $2
*** FLOP *** [5s 6c 6h]
v.sting: checks 
sxmokane: checks 
*** TURN *** [5s 6c 6h] [4s]
v.sting: checks 
sxmokane: bets $3.09
v.sting: folds 
Uncalled bet ($3.09) returned to sxmokane
sxmokane collected $6.18 from pot
*** SUMMARY ***
Total pot $6.50 | Rake $0.32 
Board [5s 6c 6h 4s]
Seat 1: poker_soul11 folded before Flop (didn't bet)
Seat 2: ReVeu710 folded before Flop (didn't bet)
Seat 3: sxmokane (button) collected ($6.18)
Seat 4: Poker9803 (small blind) folded before Flop
Seat 5: v.sting (big blind) folded on the Turn
Seat 6: CichiChanMarian folded before Flop (didn't bet)



PokerStars Hand #254485220034:  Hold'em No Limit ($0.50/$1.00 USD) - 2025/01/21 16:19:58 WET [2025/01/21 11:19:58 ET]
Table 'Padua IV' 6-max Seat #4 is the button
Seat 1: poker_soul11 ($100 in chips) 
Seat 2: ReVeu710 ($100 in chips) 
Seat 3: sxmokane ($62.39 in chips) 
Seat 4: Poker9803 ($100 in chips) 
Seat 5: v.sting ($100 in chips) 
Seat 6: CichiChanMarian ($100 in chips) 
v.sting: posts small blind $0.50
CichiChanMarian: posts big blind $1
*** HOLE CARDS ***
poker_soul11: folds 
ReVeu710: folds 
sxmokane: raises $2 to $3
Poker9803: raises $5 to $8
v.sting: folds 
CichiChanMarian: folds 
sxmokane: calls $5
*** FLOP *** [Jh 8s 5h]
sxmokane: checks 
Poker9803: bets $5.48
sxmokane: raises $9.58 to $15.06
Poker9803: folds 
Uncalled bet ($9.58) returned to sxmokane
sxmokane collected $27.04 from pot
*** SUMMARY ***
Total pot $28.46 | Rake $1.42 
Board [Jh 8s 5h]
Seat 1: poker_soul11 folded before Flop (didn't bet)
Seat 2: ReVeu710 folded before Flop (didn't bet)
Seat 3: sxmokane collected ($27.04)
Seat 4: Poker9803 (button) folded on the Flop
Seat 5: v.sting (small blind) folded before Flop
Seat 6: CichiChanMarian (big blind) folded before Flop



PokerStars Hand #254485231743:  Hold'em No Limit ($0.50/$1.00 USD) - 2025/01/21 16:20:51 WET [2025/01/21 11:20:51 ET]
Table 'Padua IV' 6-max Seat #5 is the button
Seat 1: poker_soul11 ($100 in chips) 
Seat 2: ReVeu710 ($100 in chips) 
Seat 3: sxmokane ($75.95 in chips) 
Seat 4: Poker9803 ($100 in chips) 
Seat 5: v.sting ($100 in chips) 
Seat 6: CichiChanMarian ($100 in chips) 
CichiChanMarian: posts small blind $0.50
poker_soul11: posts big blind $1
*** HOLE CARDS ***
ReVeu710: folds 
sxmokane: raises $2 to $3
Poker9803: folds 
v.sting: folds 
CichiChanMarian: folds 
poker_soul11: folds 
Uncalled bet ($2) returned to sxmokane
sxmokane collected $2.50 from pot
*** SUMMARY ***
Total pot $2.50 | Rake $0 
Seat 1: poker_soul11 (big blind) folded before Flop
Seat 2: ReVeu710 folded before Flop (didn't bet)
Seat 3: sxmokane collected ($2.50)
Seat 4: Poker9803 folded before Flop (didn't bet)
Seat 5: v.sting (button) folded before Flop (didn't bet)
Seat 6: CichiChanMarian (small blind) folded before Flop



PokerStars Hand #254485235887:  Hold'em No Limit ($0.50/$1.00 USD) - 2025/01/21 16:21:11 WET [2025/01/21 11:21:11 ET]
Table 'Padua IV' 6-max Seat #6 is the button
Seat 1: poker_soul11 ($100 in chips) 
Seat 2: ReVeu710 ($100 in chips) 
Seat 3: sxmokane ($77.45 in chips) 
Seat 4: Poker9803 ($100 in chips) 
Seat 5: v.sting ($100 in chips) 
Seat 6: CichiChanMarian ($100 in chips) 
poker_soul11: posts small blind $0.50
ReVeu710: posts big blind $1
*** HOLE CARDS ***
sxmokane: raises $2.50 to $3.50
Poker9803: folds 
v.sting: folds 
CichiChanMarian: folds 
poker_soul11: folds 
ReVeu710: folds 
Uncalled bet ($2.50) returned to sxmokane
sxmokane collected $2.50 from pot
*** SUMMARY ***
Total pot $2.50 | Rake $0 
Seat 1: poker_soul11 (small blind) folded before Flop
Seat 2: ReVeu710 (big blind) folded before Flop
Seat 3: sxmokane collected ($2.50)
Seat 4: Poker9803 folded before Flop (didn't bet)
Seat 5: v.sting folded before Flop (didn't bet)
Seat 6: CichiChanMarian (button) folded before Flop (didn't bet)



PokerStars Hand #254485240237:  Hold'em No Limit ($0.50/$1.00 USD) - 2025/01/21 16:21:30 WET [2025/01/21 11:21:30 ET]
Table 'Padua IV' 6-max Seat #1 is the button
Seat 1: poker_soul11 ($100 in chips) 
Seat 2: ReVeu710 ($100 in chips) 
Seat 3: sxmokane ($78.95 in chips) 
Seat 4: Poker9803 ($100 in chips) 
Seat 5: v.sting ($100 in chips) 
Seat 6: CichiChanMarian ($100 in chips) 
ReVeu710: posts small blind $0.50
sxmokane: posts big blind $1
*** HOLE CARDS ***
Poker9803: folds 
v.sting: folds 
CichiChanMarian: folds 
poker_soul11: folds 
ReVeu710: folds 
Uncalled bet ($0.50) returned to sxmokane
sxmokane collected $1 from pot
*** SUMMARY ***
Total pot $1 | Rake $0 
Seat 1: poker_soul11 (button) folded before Flop (didn't bet)
Seat 2: ReVeu710 (small blind) folded before Flop
Seat 3: sxmokane (big blind) collected ($1)
Seat 4: Poker9803 folded before Flop (didn't bet)
Seat 5: v.sting folded before Flop (didn't bet)
Seat 6: CichiChanMarian folded before Flop (didn't bet)



PokerStars Hand #254485243238:  Hold'em No Limit ($0.50/$1.00 USD) - 2025/01/21 16:21:44 WET [2025/01/21 11:21:44 ET]
Table 'Padua IV' 6-max Seat #2 is the button
Seat 1: poker_soul11 ($100 in chips) 
Seat 2: ReVeu710 ($100 in chips) 
Seat 3: sxmokane ($79.45 in chips) 
Seat 4: Poker9803 ($100 in chips) 
Seat 5: v.sting ($100 in chips) 
Seat 6: CichiChanMarian ($100 in chips) 
sxmokane: posts small blind $0.50
Poker9803: posts big blind $1
*** HOLE CARDS ***
v.sting: folds 
CichiChanMarian: folds 
poker_soul11: raises $1.20 to $2.20
ReVeu710: folds 
sxmokane: raises $3.20 to $5.40
Poker9803: folds 
poker_soul11: calls $3.20
*** FLOP *** [Ah Tc As]
sxmokane: checks 
poker_soul11: checks 
*** TURN *** [Ah Tc As] [7h]
sxmokane: checks 
poker_soul11: checks 
*** RIVER *** [Ah Tc As 7h] [Qc]
sxmokane: bets $11.21
poker_soul11: folds 
Uncalled bet ($11.21) returned to sxmokane
sxmokane collected $11.21 from pot
*** SUMMARY ***
Total pot $11.80 | Rake $0.59 
Board [Ah Tc As 7h Qc]
Seat 1: poker_soul11 folded on the River
Seat 2: ReVeu710 (button) folded before Flop (didn't bet)
Seat 3: sxmokane (small blind) collected ($11.21)
Seat 4: Poker9803 (big blind) folded before Flop
Seat 5: v.sting folded before Flop (didn't bet)
Seat 6: CichiChanMarian folded before Flop (didn't bet)



PokerStars Hand #254485260376:  Hold'em No Limit ($0.50/$1.00 USD) - 2025/01/21 16:23:02 WET [2025/01/21 11:23:02 ET]
Table 'Padua IV' 6-max Seat #3 is the button
Seat 1: poker_soul11 ($100 in chips) 
Seat 2: ReVeu710 ($100 in chips) 
Seat 3: sxmokane ($85.26 in chips) 
Seat 4: Poker9803 ($100 in chips) 
Seat 5: v.sting ($100 in chips) 
Seat 6: CichiChanMarian ($100 in chips) 
Poker9803: posts small blind $0.50
v.sting: posts big blind $1
*** HOLE CARDS ***
CichiChanMarian: folds 
poker_soul11: folds 
ReVeu710: folds 
sxmokane: raises $2 to $3
Poker9803: raises $9 to $12
v.sting: folds 
sxmokane: folds 
Uncalled bet ($9) returned to Poker9803
Poker9803 collected $7 from pot
Poker9803: doesn't show hand 
*** SUMMARY ***
Total pot $7 | Rake $0 
Seat 1: poker_soul11 folded before Flop (didn't bet)
Seat 2: ReVeu710 folded before Flop (didn't bet)
Seat 3: sxmokane (button) folded before Flop
Seat 4: Poker9803 (small blind) collected ($7)
Seat 5: v.sting (big blind) folded before Flop
Seat 6: CichiChanMarian folded before Flop (didn't bet)



PokerStars Hand #254485264929:  Hold'em No Limit ($0.50/$1.00 USD) - 2025/01/21 16:23:23 WET [2025/01/21 11:23:23 ET]
Table 'Padua IV' 6-max Seat #4 is the button
Seat 1: poker_soul11 ($100 in chips) 
Seat 2: ReVeu710 ($100 in chips) 
Seat 3: sxmokane ($82.26 in chips) 
Seat 4: Poker9803 ($104 in chips) 
Seat 5: v.sting ($100 in chips) 
Seat 6: CichiChanMarian ($100 in chips) 
v.sting: posts small blind $0.50
CichiChanMarian: posts big blind $1
*** HOLE CARDS ***
poker_soul11: folds 
ReVeu710: folds 
sxmokane: raises $2 to $3
Poker9803: folds 
v.sting: folds 
CichiChanMarian: folds 
Uncalled bet ($2) returned to sxmokane
sxmokane collected $2.50 from pot
*** SUMMARY ***
Total pot $2.50 | Rake $0 
Seat 1: poker_soul11 folded before Flop (didn't bet)
Seat 2: ReVeu710 folded before Flop (didn't bet)
Seat 3: sxmokane collected ($2.50)
Seat 4: Poker9803 (button) folded before Flop (didn't bet)
Seat 5: v.sting (small blind) folded before Flop
Seat 6: CichiChanMarian (big blind) folded before Flop



PokerStars Hand #254485273859:  Hold'em No Limit ($0.50/$1.00 USD) - 2025/01/21 16:24:04 WET [2025/01/21 11:24:04 ET]
Table 'Padua IV' 6-max Seat #5 is the button
Seat 1: poker_soul11 ($100 in chips) 
Seat 2: ReVeu710 ($100 in chips) 
Seat 3: sxmokane ($83.76 in chips) 
Seat 4: Poker9803 ($104 in chips) 
Seat 5: v.sting ($100 in chips) 
Seat 6: CichiChanMarian ($100 in chips) 
CichiChanMarian: posts small blind $0.50
poker_soul11: posts big blind $1
*** HOLE CARDS ***
ReVeu710: raises $1 to $2
sxmokane: calls $2
Poker9803: folds 
v.sting: raises $10 to $12
CichiChanMarian: folds 
poker_soul11: folds 
ReVeu710: calls $10
sxmokane: folds 
*** FLOP *** [4c 6s 4s]
ReVeu710: checks 
v.sting: bets $8.62
ReVeu710: calls $8.62
*** TURN *** [4c 6s 4s] [6c]
ReVeu710: checks 
v.sting: bets $31.88
ReVeu710: calls $31.88
*** RIVER *** [4c 6s 4s 6c] [9d]
ReVeu710: checks 
v.sting: bets $47.50 and is all-in
ReVeu710: calls $47.50 and is all-in
*** SHOW DOWN ***
v.sting: shows [Ad As] (two pair, Aces and Sixes)
ReVeu710: shows [Td Th] (two pair, Tens and Sixes)
v.sting collected $201 from pot
*** SUMMARY ***
Total pot $203.50 | Rake $2.50 
Board [4c 6s 4s 6c 9d]
Seat 1: poker_soul11 (big blind) folded before Flop
Seat 2: ReVeu710 showed [Td Th] and lost with two pair, Tens and Sixes
Seat 3: sxmokane folded before Flop
Seat 4: Poker9803 folded before Flop (didn't bet)
Seat 5: v.sting (button) showed [Ad As] and won ($201) with two pair, Aces and Sixes
Seat 6: CichiChanMarian (small blind) folded before Flop



PokerStars Hand #254485288294:  Hold'em No Limit ($0.50/$1.00 USD) - 2025/01/21 16:25:10 WET [2025/01/21 11:25:10 ET]
Table 'Padua IV' 6-max Seat #6 is the button
Seat 1: poker_soul11 ($100 in chips) 
Seat 2: ReVeu710 ($100 in chips) 
Seat 3: sxmokane ($81.76 in chips) 
Seat 4: Poker9803 ($104 in chips) 
Seat 5: v.sting ($201 in chips) 
Seat 6: CichiChanMarian ($100 in chips) 
poker_soul11: posts small blind $0.50
ReVeu710: posts big blind $1
*** HOLE CARDS ***
sxmokane: raises $2 to $3
Poker9803: folds 
v.sting: folds 
CichiChanMarian: folds 
poker_soul11: raises $7 to $10
ReVeu710: folds 
sxmokane: folds 
Uncalled bet ($7) returned to poker_soul11
poker_soul11 collected $7 from pot
poker_soul11: doesn't show hand 
*** SUMMARY ***
Total pot $7 | Rake $0 
Seat 1: poker_soul11 (small blind) collected ($7)
Seat 2: ReVeu710 (big blind) folded before Flop
Seat 3: sxmokane folded before Flop
Seat 4: Poker9803 folded before Flop (didn't bet)
Seat 5: v.sting folded before Flop (didn't bet)
Seat 6: CichiChanMarian (button) folded before Flop (didn't bet)



PokerStars Hand #254485294404:  Hold'em No Limit ($0.50/$1.00 USD) - 2025/01/21 16:25:38 WET [2025/01/21 11:25:38 ET]
Table 'Padua IV' 6-max Seat #1 is the button
Seat 1: poker_soul11 ($104 in chips) 
Seat 2: ReVeu710 ($100 in chips) 
Seat 3: sxmokane ($78.76 in chips) 
Seat 4: Poker9803 ($104 in chips) 
Seat 5: v.sting ($201 in chips) 
Seat 6: CichiChanMarian ($100 in chips) 
ReVeu710: posts small blind $0.50
sxmokane: posts big blind $1
*** HOLE CARDS ***
Poker9803: folds 
v.sting: folds 
CichiChanMarian: raises $1.50 to $2.50
poker_soul11: folds 
ReVeu710: folds 
sxmokane: calls $1.50
*** FLOP *** [4s 4h Qd]
sxmokane: checks 
CichiChanMarian: bets $1.72
sxmokane: folds 
Uncalled bet ($1.72) returned to CichiChanMarian
CichiChanMarian collected $5.22 from pot
CichiChanMarian: doesn't show hand 
*** SUMMARY ***
Total pot $5.50 | Rake $0.28 
Board [4s 4h Qd]
Seat 1: poker_soul11 (button) folded before Flop (didn't bet)
Seat 2: ReVeu710 (small blind) folded before Flop
Seat 3: sxmokane (big blind) folded on the Flop
Seat 4: Poker9803 folded before Flop (didn't bet)
Seat 5: v.sting folded before Flop (didn't bet)
Seat 6: CichiChanMarian collected ($5.22)



PokerStars Hand #254485301252:  Hold'em No Limit ($0.50/$1.00 USD) - 2025/01/21 16:26:10 WET [2025/01/21 11:26:10 ET]
Table 'Padua IV' 6-max Seat #2 is the button
Seat 1: poker_soul11 ($104 in chips) 
Seat 2: ReVeu710 ($100 in chips) 
Seat 3: sxmokane ($76.26 in chips) 
Seat 4: Poker9803 ($104 in chips) 
Seat 5: v.sting ($201 in chips) 
Seat 6: CichiChanMarian ($102.72 in chips) 
sxmokane: posts small blind $0.50
Poker9803: posts big blind $1
*** HOLE CARDS ***
v.sting: folds 
CichiChanMarian: folds 
poker_soul11: folds 
ReVeu710: raises $1.50 to $2.50
sxmokane: calls $2
Poker9803: calls $1.50
*** FLOP *** [7s Ad 6h]
sxmokane: checks 
Poker9803: checks 
ReVeu710: bets $1.78
sxmokane: calls $1.78
Poker9803: folds 
*** TURN *** [7s Ad 6h] [Jd]
sxmokane: checks 
ReVeu710: bets $8.09
sxmokane: calls $8.09
*** RIVER *** [7s Ad 6h Jd] [As]
sxmokane: checks 
ReVeu710: bets $19.93
sxmokane: folds 
Uncalled bet ($19.93) returned to ReVeu710
ReVeu710 collected $25.88 from pot
ReVeu710: doesn't show hand 
*** SUMMARY ***
Total pot $27.24 | Rake $1.36 
Board [7s Ad 6h Jd As]
Seat 1: poker_soul11 folded before Flop (didn't bet)
Seat 2: ReVeu710 (button) collected ($25.88)
Seat 3: sxmokane (small blind) folded on the River
Seat 4: Poker9803 (big blind) folded on the Flop
Seat 5: v.sting folded before Flop (didn't bet)
Seat 6: CichiChanMarian folded before Flop (didn't bet)



PokerStars Hand #254485313082:  Hold'em No Limit ($0.50/$1.00 USD) - 2025/01/21 16:27:04 WET [2025/01/21 11:27:04 ET]
Table 'Padua IV' 6-max Seat #3 is the button
Seat 1: poker_soul11 ($104 in chips) 
Seat 2: ReVeu710 ($113.51 in chips) 
Seat 3: sxmokane ($63.89 in chips) 
Seat 4: Poker9803 ($101.50 in chips) 
Seat 5: v.sting ($201 in chips) 
Seat 6: CichiChanMarian ($102.72 in chips) 
Poker9803: posts small blind $0.50
v.sting: posts big blind $1
*** HOLE CARDS ***
CichiChanMarian: folds 
poker_soul11: folds 
ReVeu710: folds 
sxmokane: raises $2 to $3
Poker9803: folds 
v.sting: raises $9.50 to $12.50
sxmokane: folds 
Uncalled bet ($9.50) returned to v.sting
v.sting collected $6.50 from pot
v.sting: doesn't show hand 
*** SUMMARY ***
Total pot $6.50 | Rake $0 
Seat 1: poker_soul11 folded before Flop (didn't bet)
Seat 2: ReVeu710 folded before Flop (didn't bet)
Seat 3: sxmokane (button) folded before Flop
Seat 4: Poker9803 (small blind) folded before Flop
Seat 5: v.sting (big blind) collected ($6.50)
Seat 6: CichiChanMarian folded before Flop (didn't bet)



PokerStars Hand #254485317749:  Hold'em No Limit ($0.50/$1.00 USD) - 2025/01/21 16:27:25 WET [2025/01/21 11:27:25 ET]
Table 'Padua IV' 6-max Seat #4 is the button
Seat 1: poker_soul11 ($104 in chips) 
Seat 2: ReVeu710 ($113.51 in chips) 
Seat 3: sxmokane ($60.89 in chips) 
Seat 4: Poker9803 ($101 in chips) 
Seat 5: v.sting ($204.50 in chips) 
Seat 6: CichiChanMarian ($102.72 in chips) 
v.sting: posts small blind $0.50
CichiChanMarian: posts big blind $1
*** HOLE CARDS ***
poker_soul11: folds 
ReVeu710: folds 
sxmokane: raises $4 to $5
Poker9803: folds 
v.sting: folds 
CichiChanMarian: folds 
Uncalled bet ($4) returned to sxmokane
sxmokane collected $2.50 from pot
*** SUMMARY ***
Total pot $2.50 | Rake $0 
Seat 1: poker_soul11 folded before Flop (didn't bet)
Seat 2: ReVeu710 folded before Flop (didn't bet)
Seat 3: sxmokane collected ($2.50)
Seat 4: Poker9803 (button) folded before Flop (didn't bet)
Seat 5: v.sting (small blind) folded before Flop
Seat 6: CichiChanMarian (big blind) folded before Flop



PokerStars Hand #254485323197:  Hold'em No Limit ($0.50/$1.00 USD) - 2025/01/21 16:27:51 WET [2025/01/21 11:27:51 ET]
Table 'Padua IV' 6-max Seat #5 is the button
Seat 1: poker_soul11 ($104 in chips) 
Seat 2: ReVeu710 ($113.51 in chips) 
Seat 3: sxmokane ($62.39 in chips) 
Seat 4: Poker9803 ($101 in chips) 
Seat 5: v.sting ($204 in chips) 
Seat 6: CichiChanMarian ($101.72 in chips) 
CichiChanMarian: posts small blind $0.50
poker_soul11: posts big blind $1
*** HOLE CARDS ***
ReVeu710: folds 
sxmokane: raises $4 to $5
Poker9803: raises $8 to $13
v.sting: folds 
CichiChanMarian: folds 
poker_soul11: folds 
sxmokane: calls $8
*** FLOP *** [2c 6c Td]
sxmokane: checks 
Poker9803: checks 
*** TURN *** [2c 6c Td] [Jc]
sxmokane: checks 
Poker9803: checks 
*** RIVER *** [2c 6c Td Jc] [9c]
sxmokane: checks 
Poker9803: bets $19.59
sxmokane: folds 
Uncalled bet ($19.59) returned to Poker9803
Poker9803 collected $26.12 from pot
Poker9803: doesn't show hand 
*** SUMMARY ***
Total pot $27.50 | Rake $1.38 
Board [2c 6c Td Jc 9c]
Seat 1: poker_soul11 (big blind) folded before Flop
Seat 2: ReVeu710 folded before Flop (didn't bet)
Seat 3: sxmokane folded on the River
Seat 4: Poker9803 collected ($26.12)
Seat 5: v.sting (button) folded before Flop (didn't bet)
Seat 6: CichiChanMarian (small blind) folded before Flop



PokerStars Hand #254484904185:  Hold'em No Limit ($0.50/$1.00 USD) - 2025/01/21 15:54:17 WET [2025/01/21 10:54:17 ET]
Table 'Padua IV' 6-max Seat #6 is the button
Seat 4: mr.Jckpot ($100 in chips) is sitting out
Seat 5: tranor87 ($100 in chips) is sitting out
Seat 1: fobot21 ($100 in chips) 
Seat 2: kuca86 ($100 in chips) 
Seat 3: poker_soul11 ($100 in chips) 
Seat 6: MAO_DZEDYN_S ($110 in chips) 
fobot21: posts small blind $0.50
kuca86: posts big blind $1
mr.Jckpot: sits out 
tranor87: sits out 
*** HOLE CARDS ***
poker_soul11: folds 
MAO_DZEDYN_S: raises $1.50 to $2.50
fobot21: folds 
kuca86: folds 
Uncalled bet ($1.50) returned to MAO_DZEDYN_S
fobot21 leaves the table
MAO_DZEDYN_S collected $2.50 from pot
MAO_DZEDYN_S: doesn't show hand 
*** SUMMARY ***
Total pot $2.50 | Rake $0 
Seat 4: mr.Jckpot
Seat 5: tranor87
Seat 1: fobot21 (small blind) folded before Flop
Seat 2: kuca86 (big blind) folded before Flop
Seat 3: poker_soul11 folded before Flop (didn't bet)
Seat 6: MAO_DZEDYN_S (button) collected ($2.50)



PokerStars Hand #254484908357:  Hold'em No Limit ($0.50/$1.00 USD) - 2025/01/21 15:54:37 WET [2025/01/21 10:54:37 ET]
Table 'Padua IV' 6-max Seat #2 is the button
Seat 5: tranor87 ($100 in chips) is sitting out
Seat 2: kuca86 ($100 in chips) 
Seat 3: poker_soul11 ($100 in chips) 
Seat 4: mr.Jckpot ($100 in chips) 
Seat 6: MAO_DZEDYN_S ($111.50 in chips) 
poker_soul11: posts small blind $0.50
mr.Jckpot: posts big blind $1
tranor87: sits out 
*** HOLE CARDS ***
whlzor joins the table at seat #1 
MAO_DZEDYN_S: folds 
kuca86: folds 
poker_soul11: raises $2 to $3
mr.Jckpot: calls $2
*** FLOP *** [Ts Ad Jh]
poker_soul11: bets $1.88
mr.Jckpot: calls $1.88
*** TURN *** [Ts Ad Jh] [9d]
poker_soul11: checks 
mr.Jckpot: checks 
*** RIVER *** [Ts Ad Jh 9d] [3s]
poker_soul11: checks 
mr.Jckpot: checks 
*** SHOW DOWN ***
poker_soul11: shows [2d 2c] (a pair of Deuces)
mr.Jckpot: shows [Qs Td] (a pair of Tens)
mr.Jckpot collected $9.27 from pot
*** SUMMARY ***
Total pot $9.76 | Rake $0.49 
Board [Ts Ad Jh 9d 3s]
Seat 5: tranor87
Seat 2: kuca86 (button) folded before Flop (didn't bet)
Seat 3: poker_soul11 (small blind) showed [2d 2c] and lost with a pair of Deuces
Seat 4: mr.Jckpot (big blind) showed [Qs Td] and won ($9.27) with a pair of Tens
Seat 6: MAO_DZEDYN_S folded before Flop (didn't bet)



PokerStars Hand #254484916048:  Hold'em No Limit ($0.50/$1.00 USD) - 2025/01/21 15:55:17 WET [2025/01/21 10:55:17 ET]
Table 'Padua IV' 6-max Seat #3 is the button
Seat 1: whlzor ($100 in chips) is sitting out
Seat 2: kuca86 ($100 in chips) 
Seat 3: poker_soul11 ($100 in chips) 
Seat 4: mr.Jckpot ($104.39 in chips) 
Seat 5: tranor87 ($100 in chips) 
Seat 6: MAO_DZEDYN_S ($111.50 in chips) 
mr.Jckpot: posts small blind $0.50
tranor87: posts big blind $1
whlzor: sits out 
*** HOLE CARDS ***
MAO_DZEDYN_S: raises $1.25 to $2.25
kuca86: raises $4.95 to $7.20
poker_soul11: folds 
mr.Jckpot: folds 
tranor87: folds 
MAO_DZEDYN_S: folds 
Uncalled bet ($4.95) returned to kuca86
kuca86 collected $6 from pot
kuca86: doesn't show hand 
*** SUMMARY ***
Total pot $6 | Rake $0 
Seat 1: whlzor
Seat 2: kuca86 collected ($6)
Seat 3: poker_soul11 (button) folded before Flop (didn't bet)
Seat 4: mr.Jckpot (small blind) folded before Flop
Seat 5: tranor87 (big blind) folded before Flop
Seat 6: MAO_DZEDYN_S folded before Flop



PokerStars Hand #254484922249:  Hold'em No Limit ($0.50/$1.00 USD) - 2025/01/21 15:55:56 WET [2025/01/21 10:55:56 ET]
Table 'Padua IV' 6-max Seat #4 is the button
Seat 1: whlzor ($100 in chips) is sitting out
Seat 2: kuca86 ($103.75 in chips) 
Seat 3: poker_soul11 ($100 in chips) 
Seat 4: mr.Jckpot ($103.89 in chips) 
Seat 5: tranor87 ($100 in chips) 
Seat 6: MAO_DZEDYN_S ($109.25 in chips) 
tranor87: posts small blind $0.50
MAO_DZEDYN_S: posts big blind $1
whlzor: sits out 
*** HOLE CARDS ***
kuca86: raises $1.50 to $2.50
poker_soul11: folds 
mr.Jckpot: folds 
tranor87: folds 
MAO_DZEDYN_S: folds 
Uncalled bet ($1.50) returned to kuca86
kuca86 collected $2.50 from pot
kuca86: doesn't show hand 
*** SUMMARY ***
Total pot $2.50 | Rake $0 
Seat 1: whlzor
Seat 2: kuca86 collected ($2.50)
Seat 3: poker_soul11 folded before Flop (didn't bet)
Seat 4: mr.Jckpot (button) folded before Flop (didn't bet)
Seat 5: tranor87 (small blind) folded before Flop
Seat 6: MAO_DZEDYN_S (big blind) folded before Flop



PokerStars Hand #254484925840:  Hold'em No Limit ($0.50/$1.00 USD) - 2025/01/21 15:56:18 WET [2025/01/21 10:56:18 ET]
Table 'Padua IV' 6-max Seat #5 is the button
Seat 1: whlzor ($100 in chips) 
Seat 2: kuca86 ($105.25 in chips) 
Seat 3: poker_soul11 ($100 in chips) 
Seat 4: mr.Jckpot ($103.89 in chips) 
Seat 5: tranor87 ($100 in chips) 
Seat 6: MAO_DZEDYN_S ($108.25 in chips) 
MAO_DZEDYN_S: posts small blind $0.50
whlzor: posts big blind $1
*** HOLE CARDS ***
kuca86: folds 
poker_soul11: raises $1.20 to $2.20
mr.Jckpot: folds 
tranor87: folds 
MAO_DZEDYN_S: folds 
whlzor: folds 
Uncalled bet ($1.20) returned to poker_soul11
poker_soul11 collected $2.50 from pot
poker_soul11: doesn't show hand 
*** SUMMARY ***
Total pot $2.50 | Rake $0 
Seat 1: whlzor (big blind) folded before Flop
Seat 2: kuca86 folded before Flop (didn't bet)
Seat 3: poker_soul11 collected ($2.50)
Seat 4: mr.Jckpot folded before Flop (didn't bet)
Seat 5: tranor87 (button) folded before Flop (didn't bet)
Seat 6: MAO_DZEDYN_S (small blind) folded before Flop



PokerStars Hand #254484928720:  Hold'em No Limit ($0.50/$1.00 USD) - 2025/01/21 15:56:36 WET [2025/01/21 10:56:36 ET]
Table 'Padua IV' 6-max Seat #6 is the button
Seat 1: whlzor ($100 in chips) 
Seat 2: kuca86 ($105.25 in chips) 
Seat 3: poker_soul11 ($101.50 in chips) 
Seat 4: mr.Jckpot ($103.89 in chips) 
Seat 5: tranor87 ($100 in chips) 
Seat 6: MAO_DZEDYN_S ($107.75 in chips) 
whlzor: posts small blind $0.50
kuca86: posts big blind $1
*** HOLE CARDS ***
poker_soul11: folds 
mr.Jckpot: folds 
tranor87: folds 
MAO_DZEDYN_S: folds 
whlzor: folds 
Uncalled bet ($0.50) returned to kuca86
kuca86 collected $1 from pot
kuca86: doesn't show hand 
*** SUMMARY ***
Total pot $1 | Rake $0 
Seat 1: whlzor (small blind) folded before Flop
Seat 2: kuca86 (big blind) collected ($1)
Seat 3: poker_soul11 folded before Flop (didn't bet)
Seat 4: mr.Jckpot folded before Flop (didn't bet)
Seat 5: tranor87 folded before Flop (didn't bet)
Seat 6: MAO_DZEDYN_S (button) folded before Flop (didn't bet)



PokerStars Hand #254484930891:  Hold'em No Limit ($0.50/$1.00 USD) - 2025/01/21 15:56:49 WET [2025/01/21 10:56:49 ET]
Table 'Padua IV' 6-max Seat #1 is the button
Seat 1: whlzor ($100 in chips) 
Seat 2: kuca86 ($105.75 in chips) 
Seat 3: poker_soul11 ($101.50 in chips) 
Seat 4: mr.Jckpot ($103.89 in chips) 
Seat 5: tranor87 ($100 in chips) 
Seat 6: MAO_DZEDYN_S ($107.75 in chips) 
kuca86: posts small blind $0.50
poker_soul11: posts big blind $1
*** HOLE CARDS ***
mr.Jckpot: folds 
tranor87: folds 
MAO_DZEDYN_S: raises $1.25 to $2.25
whlzor: folds 
kuca86: folds 
poker_soul11: folds 
Uncalled bet ($1.25) returned to MAO_DZEDYN_S
MAO_DZEDYN_S collected $2.50 from pot
MAO_DZEDYN_S: doesn't show hand 
*** SUMMARY ***
Total pot $2.50 | Rake $0 
Seat 1: whlzor (button) folded before Flop (didn't bet)
Seat 2: kuca86 (small blind) folded before Flop
Seat 3: poker_soul11 (big blind) folded before Flop
Seat 4: mr.Jckpot folded before Flop (didn't bet)
Seat 5: tranor87 folded before Flop (didn't bet)
Seat 6: MAO_DZEDYN_S collected ($2.50)



PokerStars Hand #254484934454:  Hold'em No Limit ($0.50/$1.00 USD) - 2025/01/21 15:57:11 WET [2025/01/21 10:57:11 ET]
Table 'Padua IV' 6-max Seat #2 is the button
Seat 4: mr.Jckpot ($103.89 in chips) is sitting out
Seat 1: whlzor ($100 in chips) 
Seat 2: kuca86 ($105.25 in chips) 
Seat 3: poker_soul11 ($100.50 in chips) 
Seat 5: tranor87 ($100 in chips) 
Seat 6: MAO_DZEDYN_S ($109.25 in chips) 
poker_soul11: posts small blind $0.50
mr.Jckpot: is sitting out 
tranor87: posts big blind $1
*** HOLE CARDS ***
mr.Jckpot leaves the table
MAO_DZEDYN_S: folds 
whlzor: folds 
kuca86: folds 
MAO_DZEDYN_S leaves the table
poker_soul11: folds 
Uncalled bet ($0.50) returned to tranor87
tranor87 collected $1 from pot
tranor87: doesn't show hand 
*** SUMMARY ***
Total pot $1 | Rake $0 
Seat 4: mr.Jckpot
Seat 1: whlzor folded before Flop (didn't bet)
Seat 2: kuca86 (button) folded before Flop (didn't bet)
Seat 3: poker_soul11 (small blind) folded before Flop
Seat 5: tranor87 (big blind) collected ($1)
Seat 6: MAO_DZEDYN_S folded before Flop (didn't bet)



PokerStars Hand #254484939856:  Hold'em No Limit ($0.50/$1.00 USD) - 2025/01/21 15:57:44 WET [2025/01/21 10:57:44 ET]
Table 'Padua IV' 6-max Seat #5 is the button
Seat 1: whlzor ($100 in chips) is sitting out
Seat 2: kuca86 ($105.25 in chips) is sitting out
Seat 3: poker_soul11 ($100 in chips) 
Seat 5: tranor87 ($100.50 in chips) 
tranor87: posts small blind $0.50
whlzor: is sitting out 
kuca86: is sitting out 
poker_soul11: posts big blind $1
*** HOLE CARDS ***
whlzor leaves the table
kuca86 leaves the table
tranor87: calls $0.50
poker_soul11: checks 
*** FLOP *** [3c 9c 3h]
poker_soul11: checks 
tranor87: bets $1
poker_soul11: calls $1
*** TURN *** [3c 9c 3h] [8d]
poker_soul11: checks 
tranor87: checks 
*** RIVER *** [3c 9c 3h 8d] [Ks]
poker_soul11: checks 
tranor87: checks 
*** SHOW DOWN ***
poker_soul11: shows [6d Ac] (a pair of Threes)
tranor87: mucks hand 
poker_soul11 collected $3.80 from pot
*** SUMMARY ***
Total pot $4 | Rake $0.20 
Board [3c 9c 3h 8d Ks]
Seat 1: whlzor
Seat 2: kuca86
Seat 3: poker_soul11 (big blind) showed [6d Ac] and won ($3.80) with a pair of Threes
Seat 5: tranor87 (button) (small blind) mucked



PokerStars Hand #254485333735:  Hold'em No Limit ($0.50/$1.00 USD) - 2025/01/21 16:28:39 WET [2025/01/21 11:28:39 ET]
Table 'Padua IV' 6-max Seat #6 is the button
Seat 1: poker_soul11 ($103 in chips) 
Seat 2: ReVeu710 ($113.51 in chips) 
Seat 3: sxmokane ($49.39 in chips) 
Seat 4: Poker9803 ($114.12 in chips) 
Seat 5: v.sting ($204 in chips) 
Seat 6: CichiChanMarian ($101.22 in chips) 
poker_soul11: posts small blind $0.50
ReVeu710: posts big blind $1
*** HOLE CARDS ***
sxmokane: calls $1
Poker9803: folds 
v.sting: folds 
CichiChanMarian: folds 
poker_soul11: raises $4 to $5
ReVeu710: calls $4
sxmokane: folds 
*** FLOP *** [Kh 5c Ts]
poker_soul11: bets $7.84
ReVeu710: folds 
Uncalled bet ($7.84) returned to poker_soul11
poker_soul11 collected $10.45 from pot
poker_soul11: doesn't show hand 
*** SUMMARY ***
Total pot $11 | Rake $0.55 
Board [Kh 5c Ts]
Seat 1: poker_soul11 (small blind) collected ($10.45)
Seat 2: ReVeu710 (big blind) folded on the Flop
Seat 3: sxmokane folded before Flop
Seat 4: Poker9803 folded before Flop (didn't bet)
Seat 5: v.sting folded before Flop (didn't bet)
Seat 6: CichiChanMarian (button) folded before Flop (didn't bet)



PokerStars Hand #254485341232:  Hold'em No Limit ($0.50/$1.00 USD) - 2025/01/21 16:29:14 WET [2025/01/21 11:29:14 ET]
Table 'Padua IV' 6-max Seat #1 is the button
Seat 1: poker_soul11 ($108.45 in chips) 
Seat 2: ReVeu710 ($108.51 in chips) 
Seat 3: sxmokane ($48.39 in chips) 
Seat 4: Poker9803 ($114.12 in chips) 
Seat 5: v.sting ($204 in chips) 
Seat 6: CichiChanMarian ($101.22 in chips) 
ReVeu710: posts small blind $0.50
sxmokane: posts big blind $1
*** HOLE CARDS ***
Poker9803: folds 
v.sting: folds 
CichiChanMarian: raises $1.50 to $2.50
poker_soul11: folds 
ReVeu710: folds 
sxmokane: calls $1.50
*** FLOP *** [Kd Qd Th]
sxmokane: checks 
CichiChanMarian: bets $1.72
sxmokane: raises $4.33 to $6.05
CichiChanMarian: calls $4.33
*** TURN *** [Kd Qd Th] [4h]
sxmokane: checks 
CichiChanMarian: bets $12.54
sxmokane: raises $27.30 to $39.84 and is all-in
CichiChanMarian: calls $27.30
*** RIVER *** [Kd Qd Th 4h] [Jh]
*** SHOW DOWN ***
sxmokane: shows [9d Jc] (a straight, Nine to King)
CichiChanMarian: shows [Kc 8c] (a pair of Kings)
sxmokane collected $94.78 from pot
*** SUMMARY ***
Total pot $97.28 | Rake $2.50 
Board [Kd Qd Th 4h Jh]
Seat 1: poker_soul11 (button) folded before Flop (didn't bet)
Seat 2: ReVeu710 (small blind) folded before Flop
Seat 3: sxmokane (big blind) showed [9d Jc] and won ($94.78) with a straight, Nine to King
Seat 4: Poker9803 folded before Flop (didn't bet)
Seat 5: v.sting folded before Flop (didn't bet)
Seat 6: CichiChanMarian showed [Kc 8c] and lost with a pair of Kings



PokerStars Hand #254485357297:  Hold'em No Limit ($0.50/$1.00 USD) - 2025/01/21 16:30:28 WET [2025/01/21 11:30:28 ET]
Table 'Padua IV' 6-max Seat #2 is the button
Seat 1: poker_soul11 ($108.45 in chips) 
Seat 2: ReVeu710 ($108.01 in chips) 
Seat 3: sxmokane ($94.78 in chips) 
Seat 4: Poker9803 ($114.12 in chips) 
Seat 5: v.sting ($204 in chips) 
Seat 6: CichiChanMarian ($100 in chips) 
sxmokane: posts small blind $0.50
Poker9803: posts big blind $1
*** HOLE CARDS ***
v.sting: folds 
CichiChanMarian: folds 
poker_soul11: folds 
ReVeu710: folds 
sxmokane: raises $2 to $3
Poker9803: calls $2
*** FLOP *** [Kc 4d Qs]
sxmokane: checks 
Poker9803: bets $1.88
sxmokane: raises $2.73 to $4.61
Poker9803: calls $2.73
*** TURN *** [Kc 4d Qs] [Qd]
sxmokane: checks 
Poker9803: checks 
*** RIVER *** [Kc 4d Qs Qd] [7c]
sxmokane: bets $14.46
Poker9803: folds 
Uncalled bet ($14.46) returned to sxmokane
sxmokane collected $14.46 from pot
*** SUMMARY ***
Total pot $15.22 | Rake $0.76 
Board [Kc 4d Qs Qd 7c]
Seat 1: poker_soul11 folded before Flop (didn't bet)
Seat 2: ReVeu710 (button) folded before Flop (didn't bet)
Seat 3: sxmokane (small blind) collected ($14.46)
Seat 4: Poker9803 (big blind) folded on the River
Seat 5: v.sting folded before Flop (didn't bet)
Seat 6: CichiChanMarian folded before Flop (didn't bet)



PokerStars Hand #254485372997:  Hold'em No Limit ($0.50/$1.00 USD) - 2025/01/21 16:31:39 WET [2025/01/21 11:31:39 ET]
Table 'Padua IV' 6-max Seat #3 is the button
Seat 1: poker_soul11 ($108.45 in chips) 
Seat 2: ReVeu710 ($108.01 in chips) 
Seat 3: sxmokane ($101.63 in chips) 
Seat 4: Poker9803 ($106.51 in chips) 
Seat 5: v.sting ($204 in chips) 
Seat 6: CichiChanMarian ($100 in chips) 
Poker9803: posts small blind $0.50
v.sting: posts big blind $1
*** HOLE CARDS ***
CichiChanMarian: folds 
poker_soul11: raises $1.20 to $2.20
ReVeu710: folds 
sxmokane: calls $2.20
Poker9803: folds 
v.sting: calls $1.20
*** FLOP *** [9s 6s 9d]
v.sting: checks 
poker_soul11: checks 
sxmokane: checks 
*** TURN *** [9s 6s 9d] [Tc]
v.sting: bets $1.69
poker_soul11: calls $1.69
sxmokane: calls $1.69
*** RIVER *** [9s 6s 9d Tc] [4h]
v.sting: checks 
poker_soul11: checks 
sxmokane: bets $3.24
v.sting: folds 
poker_soul11: calls $3.24
*** SHOW DOWN ***
sxmokane: shows [Th 8s] (two pair, Tens and Nines)
poker_soul11: mucks hand 
sxmokane collected $17.72 from pot
*** SUMMARY ***
Total pot $18.65 | Rake $0.93 
Board [9s 6s 9d Tc 4h]
Seat 1: poker_soul11 mucked
Seat 2: ReVeu710 folded before Flop (didn't bet)
Seat 3: sxmokane (button) showed [Th 8s] and won ($17.72) with two pair, Tens and Nines
Seat 4: Poker9803 (small blind) folded before Flop
Seat 5: v.sting (big blind) folded on the River
Seat 6: CichiChanMarian folded before Flop (didn't bet)



PokerStars Hand #254485387194:  Hold'em No Limit ($0.50/$1.00 USD) - 2025/01/21 16:32:44 WET [2025/01/21 11:32:44 ET]
Table 'Padua IV' 6-max Seat #4 is the button
Seat 1: poker_soul11 ($101.32 in chips) 
Seat 2: ReVeu710 ($108.01 in chips) 
Seat 3: sxmokane ($112.22 in chips) 
Seat 4: Poker9803 ($106.01 in chips) 
Seat 5: v.sting ($200.11 in chips) 
Seat 6: CichiChanMarian ($100 in chips) 
v.sting: posts small blind $0.50
CichiChanMarian: posts big blind $1
*** HOLE CARDS ***
poker_soul11: folds 
ReVeu710: raises $1 to $2
sxmokane: raises $4 to $6
Poker9803: folds 
v.sting: folds 
CichiChanMarian: folds 
ReVeu710: calls $4
*** FLOP *** [5c Qh As]
ReVeu710: checks 
sxmokane: checks 
*** TURN *** [5c Qh As] [8s]
ReVeu710: bets $6.92
sxmokane: calls $6.92
*** RIVER *** [5c Qh As 8s] [Th]
ReVeu710: checks 
sxmokane: checks 
*** SHOW DOWN ***
ReVeu710: shows [Ts 9s] (a pair of Tens)
sxmokane: shows [Jd Qc] (a pair of Queens)
sxmokane collected $25.97 from pot
*** SUMMARY ***
Total pot $27.34 | Rake $1.37 
Board [5c Qh As 8s Th]
Seat 1: poker_soul11 folded before Flop (didn't bet)
Seat 2: ReVeu710 showed [Ts 9s] and lost with a pair of Tens
Seat 3: sxmokane showed [Jd Qc] and won ($25.97) with a pair of Queens
Seat 4: Poker9803 (button) folded before Flop (didn't bet)
Seat 5: v.sting (small blind) folded before Flop
Seat 6: CichiChanMarian (big blind) folded before Flop



PokerStars Hand #254485396393:  Hold'em No Limit ($0.50/$1.00 USD) - 2025/01/21 16:33:26 WET [2025/01/21 11:33:26 ET]
Table 'Padua IV' 6-max Seat #5 is the button
Seat 1: poker_soul11 ($101.32 in chips) 
Seat 2: ReVeu710 ($100 in chips) 
Seat 3: sxmokane ($125.27 in chips) 
Seat 4: Poker9803 ($106.01 in chips) 
Seat 5: v.sting ($199.61 in chips) 
Seat 6: CichiChanMarian ($100 in chips) 
CichiChanMarian: posts small blind $0.50
poker_soul11: posts big blind $1
*** HOLE CARDS ***
ReVeu710: folds 
sxmokane: raises $2 to $3
Poker9803: folds 
v.sting: folds 
CichiChanMarian: folds 
poker_soul11: folds 
Uncalled bet ($2) returned to sxmokane
sxmokane collected $2.50 from pot
*** SUMMARY ***
Total pot $2.50 | Rake $0 
Seat 1: poker_soul11 (big blind) folded before Flop
Seat 2: ReVeu710 folded before Flop (didn't bet)
Seat 3: sxmokane collected ($2.50)
Seat 4: Poker9803 folded before Flop (didn't bet)
Seat 5: v.sting (button) folded before Flop (didn't bet)
Seat 6: CichiChanMarian (small blind) folded before Flop



PokerStars Hand #254485405267:  Hold'em No Limit ($0.50/$1.00 USD) - 2025/01/21 16:34:05 WET [2025/01/21 11:34:05 ET]
Table 'Padua IV' 6-max Seat #6 is the button
Seat 1: poker_soul11 ($100.32 in chips) 
Seat 2: ReVeu710 ($100 in chips) 
Seat 3: sxmokane ($126.77 in chips) 
Seat 4: Poker9803 ($106.01 in chips) 
Seat 5: v.sting ($199.61 in chips) 
Seat 6: CichiChanMarian ($100 in chips) 
poker_soul11: posts small blind $0.50
ReVeu710: posts big blind $1
*** HOLE CARDS ***
sxmokane: folds 
Poker9803: raises $1.50 to $2.50
v.sting: folds 
CichiChanMarian: folds 
poker_soul11: folds 
ReVeu710: calls $1.50
*** FLOP *** [Kd 3s 4c]
ReVeu710: checks 
Poker9803: bets $1.72
ReVeu710: calls $1.72
*** TURN *** [Kd 3s 4c] [3c]
ReVeu710: checks 
Poker9803: checks 
*** RIVER *** [Kd 3s 4c 3c] [5h]
ReVeu710: checks 
Poker9803: checks 
*** SHOW DOWN ***
ReVeu710: shows [8d 8h] (two pair, Eights and Threes)
Poker9803: mucks hand 
ReVeu710 collected $8.49 from pot
*** SUMMARY ***
Total pot $8.94 | Rake $0.45 
Board [Kd 3s 4c 3c 5h]
Seat 1: poker_soul11 (small blind) folded before Flop
Seat 2: ReVeu710 (big blind) showed [8d 8h] and won ($8.49) with two pair, Eights and Threes
Seat 3: sxmokane folded before Flop (didn't bet)
Seat 4: Poker9803 mucked
Seat 5: v.sting folded before Flop (didn't bet)
Seat 6: CichiChanMarian (button) folded before Flop (didn't bet)



PokerStars Hand #254485415425:  Hold'em No Limit ($0.50/$1.00 USD) - 2025/01/21 16:34:51 WET [2025/01/21 11:34:51 ET]
Table 'Padua IV' 6-max Seat #1 is the button
Seat 1: poker_soul11 ($100 in chips) 
Seat 2: ReVeu710 ($104.27 in chips) 
Seat 3: sxmokane ($126.77 in chips) 
Seat 4: Poker9803 ($101.79 in chips) 
Seat 5: v.sting ($199.61 in chips) 
Seat 6: CichiChanMarian ($100 in chips) 
ReVeu710: posts small blind $0.50
sxmokane: posts big blind $1
*** HOLE CARDS ***
Poker9803: folds 
v.sting: folds 
CichiChanMarian: folds 
poker_soul11: folds 
ReVeu710: folds 
Uncalled bet ($0.50) returned to sxmokane
sxmokane collected $1 from pot
*** SUMMARY ***
Total pot $1 | Rake $0 
Seat 1: poker_soul11 (button) folded before Flop (didn't bet)
Seat 2: ReVeu710 (small blind) folded before Flop
Seat 3: sxmokane (big blind) collected ($1)
Seat 4: Poker9803 folded before Flop (didn't bet)
Seat 5: v.sting folded before Flop (didn't bet)
Seat 6: CichiChanMarian folded before Flop (didn't bet)



PokerStars Hand #254485419635:  Hold'em No Limit ($0.50/$1.00 USD) - 2025/01/21 16:35:10 WET [2025/01/21 11:35:10 ET]
Table 'Padua IV' 6-max Seat #2 is the button
Seat 1: poker_soul11 ($100 in chips) 
Seat 2: ReVeu710 ($103.77 in chips) 
Seat 3: sxmokane ($127.27 in chips) 
Seat 4: Poker9803 ($101.79 in chips) 
Seat 5: v.sting ($199.61 in chips) 
Seat 6: CichiChanMarian ($100 in chips) 
sxmokane: posts small blind $0.50
Poker9803: posts big blind $1
*** HOLE CARDS ***
v.sting: folds 
CichiChanMarian: folds 
poker_soul11: folds 
ReVeu710: raises $1.50 to $2.50
sxmokane: calls $2
Poker9803: folds 
*** FLOP *** [6s 4d 2d]
sxmokane: checks 
ReVeu710: checks 
*** TURN *** [6s 4d 2d] [Js]
sxmokane: bets $2.85
ReVeu710: folds 
Uncalled bet ($2.85) returned to sxmokane
sxmokane collected $5.70 from pot
*** SUMMARY ***
Total pot $6 | Rake $0.30 
Board [6s 4d 2d Js]
Seat 1: poker_soul11 folded before Flop (didn't bet)
Seat 2: ReVeu710 (button) folded on the Turn
Seat 3: sxmokane (small blind) collected ($5.70)
Seat 4: Poker9803 (big blind) folded before Flop
Seat 5: v.sting folded before Flop (didn't bet)
Seat 6: CichiChanMarian folded before Flop (didn't bet)



PokerStars Hand #254485429603:  Hold'em No Limit ($0.50/$1.00 USD) - 2025/01/21 16:35:55 WET [2025/01/21 11:35:55 ET]
Table 'Padua IV' 6-max Seat #3 is the button
Seat 1: poker_soul11 ($100 in chips) 
Seat 2: ReVeu710 ($101.27 in chips) 
Seat 3: sxmokane ($130.47 in chips) 
Seat 4: Poker9803 ($100.79 in chips) 
Seat 5: v.sting ($199.61 in chips) 
Seat 6: CichiChanMarian ($100 in chips) 
Poker9803: posts small blind $0.50
v.sting: posts big blind $1
*** HOLE CARDS ***
CichiChanMarian: raises $1.50 to $2.50
poker_soul11: folds 
ReVeu710: folds 
sxmokane: raises $2.50 to $5
Poker9803: folds 
v.sting: folds 
CichiChanMarian: calls $2.50
*** FLOP *** [8d 2s 7d]
CichiChanMarian: checks 
sxmokane: bets $5.46
CichiChanMarian: folds 
Uncalled bet ($5.46) returned to sxmokane
sxmokane collected $10.92 from pot
*** SUMMARY ***
Total pot $11.50 | Rake $0.58 
Board [8d 2s 7d]
Seat 1: poker_soul11 folded before Flop (didn't bet)
Seat 2: ReVeu710 folded before Flop (didn't bet)
Seat 3: sxmokane (button) collected ($10.92)
Seat 4: Poker9803 (small blind) folded before Flop
Seat 5: v.sting (big blind) folded before Flop
Seat 6: CichiChanMarian folded on the Flop



PokerStars Hand #254485435622:  Hold'em No Limit ($0.50/$1.00 USD) - 2025/01/21 16:36:22 WET [2025/01/21 11:36:22 ET]
Table 'Padua IV' 6-max Seat #4 is the button
Seat 1: poker_soul11 ($100 in chips) 
Seat 2: ReVeu710 ($101.27 in chips) 
Seat 3: sxmokane ($136.39 in chips) 
Seat 4: Poker9803 ($100.29 in chips) 
Seat 5: v.sting ($198.61 in chips) 
Seat 6: CichiChanMarian ($100 in chips) 
v.sting: posts small blind $0.50
CichiChanMarian: posts big blind $1
*** HOLE CARDS ***
poker_soul11: folds 
ReVeu710: raises $1 to $2
sxmokane: calls $2
Poker9803: folds 
v.sting: folds 
CichiChanMarian: calls $1
*** FLOP *** [As 6s 4d]
CichiChanMarian: checks 
ReVeu710: bets $1.54
sxmokane: calls $1.54
CichiChanMarian: calls $1.54
*** TURN *** [As 6s 4d] [2s]
CichiChanMarian: checks 
ReVeu710: checks 
sxmokane: checks 
*** RIVER *** [As 6s 4d 2s] [Qc]
CichiChanMarian: checks 
ReVeu710: bets $8.13
sxmokane: folds 
CichiChanMarian: folds 
Uncalled bet ($8.13) returned to ReVeu710
ReVeu710 collected $10.56 from pot
ReVeu710: doesn't show hand 
*** SUMMARY ***
Total pot $11.12 | Rake $0.56 
Board [As 6s 4d 2s Qc]
Seat 1: poker_soul11 folded before Flop (didn't bet)
Seat 2: ReVeu710 collected ($10.56)
Seat 3: sxmokane folded on the River
Seat 4: Poker9803 (button) folded before Flop (didn't bet)
Seat 5: v.sting (small blind) folded before Flop
Seat 6: CichiChanMarian (big blind) folded on the River



PokerStars Hand #254485451264:  Hold'em No Limit ($0.50/$1.00 USD) - 2025/01/21 16:37:33 WET [2025/01/21 11:37:33 ET]
Table 'Padua IV' 6-max Seat #5 is the button
Seat 1: poker_soul11 ($100 in chips) 
Seat 2: ReVeu710 ($108.29 in chips) 
Seat 3: sxmokane ($132.85 in chips) 
Seat 4: Poker9803 ($100.29 in chips) 
Seat 5: v.sting ($198.11 in chips) 
Seat 6: CichiChanMarian ($100 in chips) 
CichiChanMarian: posts small blind $0.50
poker_soul11: posts big blind $1
*** HOLE CARDS ***
ReVeu710: folds 
sxmokane: folds 
Poker9803: folds 
v.sting: raises $1.10 to $2.10
CichiChanMarian: folds 
poker_soul11: folds 
Uncalled bet ($1.10) returned to v.sting
v.sting collected $2.50 from pot
v.sting: doesn't show hand 
*** SUMMARY ***
Total pot $2.50 | Rake $0 
Seat 1: poker_soul11 (big blind) folded before Flop
Seat 2: ReVeu710 folded before Flop (didn't bet)
Seat 3: sxmokane folded before Flop (didn't bet)
Seat 4: Poker9803 folded before Flop (didn't bet)
Seat 5: v.sting (button) collected ($2.50)
Seat 6: CichiChanMarian (small blind) folded before Flop



PokerStars Hand #254485454159:  Hold'em No Limit ($0.50/$1.00 USD) - 2025/01/21 16:37:46 WET [2025/01/21 11:37:46 ET]
Table 'Padua IV' 6-max Seat #6 is the button
Seat 1: poker_soul11 ($100 in chips) 
Seat 2: ReVeu710 ($108.29 in chips) 
Seat 3: sxmokane ($132.85 in chips) 
Seat 4: Poker9803 ($100.29 in chips) 
Seat 5: v.sting ($199.61 in chips) 
Seat 6: CichiChanMarian ($100 in chips) 
poker_soul11: posts small blind $0.50
ReVeu710: posts big blind $1
*** HOLE CARDS ***
sxmokane: raises $4 to $5
Poker9803: folds 
v.sting: folds 
CichiChanMarian: folds 
poker_soul11: folds 
ReVeu710: folds 
Uncalled bet ($4) returned to sxmokane
sxmokane collected $2.50 from pot
*** SUMMARY ***
Total pot $2.50 | Rake $0 
Seat 1: poker_soul11 (small blind) folded before Flop
Seat 2: ReVeu710 (big blind) folded before Flop
Seat 3: sxmokane collected ($2.50)
Seat 4: Poker9803 folded before Flop (didn't bet)
Seat 5: v.sting folded before Flop (didn't bet)
Seat 6: CichiChanMarian (button) folded before Flop (didn't bet)



PokerStars Hand #254485459180:  Hold'em No Limit ($0.50/$1.00 USD) - 2025/01/21 16:38:09 WET [2025/01/21 11:38:09 ET]
Table 'Padua IV' 6-max Seat #1 is the button
Seat 1: poker_soul11 ($100 in chips) 
Seat 2: ReVeu710 ($107.29 in chips) 
Seat 3: sxmokane ($134.35 in chips) 
Seat 4: Poker9803 ($100.29 in chips) 
Seat 5: v.sting ($199.61 in chips) 
Seat 6: CichiChanMarian ($100 in chips) 
ReVeu710: posts small blind $0.50
sxmokane: posts big blind $1
*** HOLE CARDS ***
Poker9803: folds 
v.sting: folds 
CichiChanMarian: raises $1.50 to $2.50
poker_soul11: folds 
ReVeu710: folds 
sxmokane: calls $1.50
*** FLOP *** [Ts 2c Ah]
sxmokane: checks 
CichiChanMarian: checks 
*** TURN *** [Ts 2c Ah] [8c]
sxmokane: bets $2.61
CichiChanMarian: calls $2.61
*** RIVER *** [Ts 2c Ah 8c] [7c]
sxmokane: bets $5.09
CichiChanMarian: folds 
Uncalled bet ($5.09) returned to sxmokane
sxmokane collected $10.18 from pot
*** SUMMARY ***
Total pot $10.72 | Rake $0.54 
Board [Ts 2c Ah 8c 7c]
Seat 1: poker_soul11 (button) folded before Flop (didn't bet)
Seat 2: ReVeu710 (small blind) folded before Flop
Seat 3: sxmokane (big blind) collected ($10.18)
Seat 4: Poker9803 folded before Flop (didn't bet)
Seat 5: v.sting folded before Flop (didn't bet)
Seat 6: CichiChanMarian folded on the River



PokerStars Hand #254485470069:  Hold'em No Limit ($0.50/$1.00 USD) - 2025/01/21 16:38:59 WET [2025/01/21 11:38:59 ET]
Table 'Padua IV' 6-max Seat #2 is the button
Seat 1: poker_soul11 ($100 in chips) 
Seat 2: ReVeu710 ($106.79 in chips) 
Seat 3: sxmokane ($139.42 in chips) 
Seat 4: Poker9803 ($100.29 in chips) 
Seat 5: v.sting ($199.61 in chips) 
Seat 6: CichiChanMarian ($100 in chips) 
sxmokane: posts small blind $0.50
Poker9803: posts big blind $1
*** HOLE CARDS ***
v.sting: folds 
CichiChanMarian: folds 
poker_soul11: folds 
ReVeu710: folds 
sxmokane: raises $2 to $3
Poker9803: calls $2
*** FLOP *** [4s Qd 5c]
sxmokane: bets $2.85
Poker9803: calls $2.85
*** TURN *** [4s Qd 5c] [5s]
sxmokane: bets $5.56
Poker9803: folds 
Uncalled bet ($5.56) returned to sxmokane
sxmokane collected $11.12 from pot
*** SUMMARY ***
Total pot $11.70 | Rake $0.58 
Board [4s Qd 5c 5s]
Seat 1: poker_soul11 folded before Flop (didn't bet)
Seat 2: ReVeu710 (button) folded before Flop (didn't bet)
Seat 3: sxmokane (small blind) collected ($11.12)
Seat 4: Poker9803 (big blind) folded on the Turn
Seat 5: v.sting folded before Flop (didn't bet)
Seat 6: CichiChanMarian folded before Flop (didn't bet)



PokerStars Hand #254485482103:  Hold'em No Limit ($0.50/$1.00 USD) - 2025/01/21 16:39:53 WET [2025/01/21 11:39:53 ET]
Table 'Padua IV' 6-max Seat #3 is the button
Seat 1: poker_soul11 ($100 in chips) 
Seat 2: ReVeu710 ($106.79 in chips) 
Seat 3: sxmokane ($144.69 in chips) 
Seat 4: Poker9803 ($100 in chips) 
Seat 5: v.sting ($199.61 in chips) 
Seat 6: CichiChanMarian ($100 in chips) 
Poker9803: posts small blind $0.50
v.sting: posts big blind $1
*** HOLE CARDS ***
CichiChanMarian: folds 
poker_soul11: raises $1.20 to $2.20
ReVeu710: calls $2.20
sxmokane: calls $2.20
Poker9803: folds 
v.sting: folds 
*** FLOP *** [9c Jh Td]
poker_soul11: bets $1.93
ReVeu710: folds 
sxmokane: raises $5.78 to $7.71
poker_soul11: calls $5.78
*** TURN *** [9c Jh Td] [Th]
poker_soul11: checks 
sxmokane: bets $11.17
poker_soul11: calls $11.17
*** RIVER *** [9c Jh Td Th] [7d]
poker_soul11: checks 
sxmokane: bets $21.79
poker_soul11: calls $21.79
*** SHOW DOWN ***
sxmokane: shows [4h As] (a pair of Tens)
poker_soul11: shows [Ts Qd] (three of a kind, Tens)
poker_soul11 collected $86.94 from pot
*** SUMMARY ***
Total pot $89.44 | Rake $2.50 
Board [9c Jh Td Th 7d]
Seat 1: poker_soul11 showed [Ts Qd] and won ($86.94) with three of a kind, Tens
Seat 2: ReVeu710 folded on the Flop
Seat 3: sxmokane (button) showed [4h As] and lost with a pair of Tens
Seat 4: Poker9803 (small blind) folded before Flop
Seat 5: v.sting (big blind) folded before Flop
Seat 6: CichiChanMarian folded before Flop (didn't bet)



PokerStars Hand #254485497132:  Hold'em No Limit ($0.50/$1.00 USD) - 2025/01/21 16:41:00 WET [2025/01/21 11:41:00 ET]
Table 'Padua IV' 6-max Seat #4 is the button
Seat 1: poker_soul11 ($144.07 in chips) 
Seat 2: ReVeu710 ($104.59 in chips) 
Seat 3: sxmokane ($101.82 in chips) 
Seat 4: Poker9803 ($100 in chips) 
Seat 5: v.sting ($198.61 in chips) 
Seat 6: CichiChanMarian ($100 in chips) 
v.sting: posts small blind $0.50
CichiChanMarian: posts big blind $1
*** HOLE CARDS ***
poker_soul11: raises $1.20 to $2.20
ReVeu710: raises $4.30 to $6.50
sxmokane: calls $6.50
Poker9803: folds 
v.sting: folds 
CichiChanMarian: folds 
poker_soul11: folds 
*** FLOP *** [5s 2h Jd]
ReVeu710: bets $3.97
sxmokane: calls $3.97
*** TURN *** [5s 2h Jd] [7d]
ReVeu710: checks 
sxmokane: bets $11.71
ReVeu710: calls $11.71
*** RIVER *** [5s 2h Jd 7d] [Jh]
ReVeu710: checks 
sxmokane: checks 
*** SHOW DOWN ***
ReVeu710: shows [Tc Ts] (two pair, Jacks and Tens)
sxmokane: mucks hand 
ReVeu710 collected $45.66 from pot
*** SUMMARY ***
Total pot $48.06 | Rake $2.40 
Board [5s 2h Jd 7d Jh]
Seat 1: poker_soul11 folded before Flop
Seat 2: ReVeu710 showed [Tc Ts] and won ($45.66) with two pair, Jacks and Tens
Seat 3: sxmokane mucked
Seat 4: Poker9803 (button) folded before Flop (didn't bet)
Seat 5: v.sting (small blind) folded before Flop
Seat 6: CichiChanMarian (big blind) folded before Flop



PokerStars Hand #254485507588:  Hold'em No Limit ($0.50/$1.00 USD) - 2025/01/21 16:41:47 WET [2025/01/21 11:41:47 ET]
Table 'Padua IV' 6-max Seat #5 is the button
Seat 1: poker_soul11 ($141.87 in chips) 
Seat 2: ReVeu710 ($128.07 in chips) 
Seat 3: sxmokane ($79.64 in chips) 
Seat 4: Poker9803 ($100 in chips) 
Seat 5: v.sting ($198.11 in chips) 
Seat 6: CichiChanMarian ($100 in chips) 
CichiChanMarian: posts small blind $0.50
poker_soul11: posts big blind $1
*** HOLE CARDS ***
ReVeu710: folds 
sxmokane: calls $1
Poker9803: folds 
v.sting: folds 
CichiChanMarian: folds 
poker_soul11: checks 
*** FLOP *** [Qh Td 5c]
poker_soul11: checks 
sxmokane: bets $2.38
poker_soul11: folds 
Uncalled bet ($2.38) returned to sxmokane
sxmokane collected $2.38 from pot
*** SUMMARY ***
Total pot $2.50 | Rake $0.12 
Board [Qh Td 5c]
Seat 1: poker_soul11 (big blind) folded on the Flop
Seat 2: ReVeu710 folded before Flop (didn't bet)
Seat 3: sxmokane collected ($2.38)
Seat 4: Poker9803 folded before Flop (didn't bet)
Seat 5: v.sting (button) folded before Flop (didn't bet)
Seat 6: CichiChanMarian (small blind) folded before Flop



PokerStars Hand #254485516826:  Hold'em No Limit ($0.50/$1.00 USD) - 2025/01/21 16:42:28 WET [2025/01/21 11:42:28 ET]
Table 'Padua IV' 6-max Seat #6 is the button
Seat 1: poker_soul11 ($140.87 in chips) 
Seat 2: ReVeu710 ($128.07 in chips) 
Seat 3: sxmokane ($81.02 in chips) 
Seat 4: Poker9803 ($100 in chips) 
Seat 5: v.sting ($198.11 in chips) 
Seat 6: CichiChanMarian ($100 in chips) 
poker_soul11: posts small blind $0.50
ReVeu710: posts big blind $1
*** HOLE CARDS ***
sxmokane: raises $2 to $3
Poker9803: folds 
v.sting: folds 
CichiChanMarian: folds 
poker_soul11: folds 
ReVeu710: calls $2
*** FLOP *** [5h 6d 3c]
ReVeu710: checks 
sxmokane: bets $3.09
ReVeu710: raises $9.52 to $12.61
sxmokane: folds 
Uncalled bet ($9.52) returned to ReVeu710
ReVeu710 collected $12.05 from pot
ReVeu710: doesn't show hand 
*** SUMMARY ***
Total pot $12.68 | Rake $0.63 
Board [5h 6d 3c]
Seat 1: poker_soul11 (small blind) folded before Flop
Seat 2: ReVeu710 (big blind) collected ($12.05)
Seat 3: sxmokane folded on the Flop
Seat 4: Poker9803 folded before Flop (didn't bet)
Seat 5: v.sting folded before Flop (didn't bet)
Seat 6: CichiChanMarian (button) folded before Flop (didn't bet)



PokerStars Hand #254485524442:  Hold'em No Limit ($0.50/$1.00 USD) - 2025/01/21 16:43:03 WET [2025/01/21 11:43:03 ET]
Table 'Padua IV' 6-max Seat #1 is the button
Seat 1: poker_soul11 ($140.37 in chips) 
Seat 2: ReVeu710 ($134.03 in chips) 
Seat 3: sxmokane ($74.93 in chips) 
Seat 4: Poker9803 ($100 in chips) 
Seat 5: v.sting ($198.11 in chips) 
Seat 6: CichiChanMarian ($100 in chips) 
ReVeu710: posts small blind $0.50
sxmokane: posts big blind $1
*** HOLE CARDS ***
Poker9803: folds 
v.sting: folds 
CichiChanMarian: folds 
poker_soul11: folds 
ReVeu710: raises $2 to $3
sxmokane: calls $2
*** FLOP *** [Ah Jc 3s]
ReVeu710: bets $1.43
sxmokane: calls $1.43
*** TURN *** [Ah Jc 3s] [7h]
ReVeu710: checks 
sxmokane: checks 
*** RIVER *** [Ah Jc 3s 7h] [5d]
ReVeu710: checks 
sxmokane: checks 
*** SHOW DOWN ***
ReVeu710: shows [2h 2s] (a pair of Deuces)
sxmokane: shows [9d Jd] (a pair of Jacks)
sxmokane collected $8.42 from pot
*** SUMMARY ***
Total pot $8.86 | Rake $0.44 
Board [Ah Jc 3s 7h 5d]
Seat 1: poker_soul11 (button) folded before Flop (didn't bet)
Seat 2: ReVeu710 (small blind) showed [2h 2s] and lost with a pair of Deuces
Seat 3: sxmokane (big blind) showed [9d Jd] and won ($8.42) with a pair of Jacks
Seat 4: Poker9803 folded before Flop (didn't bet)
Seat 5: v.sting folded before Flop (didn't bet)
Seat 6: CichiChanMarian folded before Flop (didn't bet)



PokerStars Hand #254485531159:  Hold'em No Limit ($0.50/$1.00 USD) - 2025/01/21 16:43:33 WET [2025/01/21 11:43:33 ET]
Table 'Padua IV' 6-max Seat #2 is the button
Seat 1: poker_soul11 ($140.37 in chips) 
Seat 2: ReVeu710 ($129.60 in chips) 
Seat 3: sxmokane ($78.92 in chips) 
Seat 4: Poker9803 ($100 in chips) 
Seat 5: v.sting ($198.11 in chips) 
Seat 6: CichiChanMarian ($100 in chips) 
sxmokane: posts small blind $0.50
Poker9803: posts big blind $1
*** HOLE CARDS ***
v.sting: folds 
CichiChanMarian: raises $1.50 to $2.50
poker_soul11: folds 
ReVeu710: folds 
sxmokane: calls $2
Poker9803: raises $12.50 to $15
CichiChanMarian: folds 
sxmokane: folds 
Uncalled bet ($12.50) returned to Poker9803
Poker9803 collected $7.50 from pot
Poker9803: doesn't show hand 
*** SUMMARY ***
Total pot $7.50 | Rake $0 
Seat 1: poker_soul11 folded before Flop (didn't bet)
Seat 2: ReVeu710 (button) folded before Flop (didn't bet)
Seat 3: sxmokane (small blind) folded before Flop
Seat 4: Poker9803 (big blind) collected ($7.50)
Seat 5: v.sting folded before Flop (didn't bet)
Seat 6: CichiChanMarian folded before Flop



PokerStars Hand #254485539949:  Hold'em No Limit ($0.50/$1.00 USD) - 2025/01/21 16:44:11 WET [2025/01/21 11:44:11 ET]
Table 'Padua IV' 6-max Seat #3 is the button
Seat 1: poker_soul11 ($140.37 in chips) 
Seat 2: ReVeu710 ($129.60 in chips) 
Seat 3: sxmokane ($76.42 in chips) 
Seat 4: Poker9803 ($105 in chips) 
Seat 5: v.sting ($198.11 in chips) 
Seat 6: CichiChanMarian ($100 in chips) 
Poker9803: posts small blind $0.50
v.sting: posts big blind $1
*** HOLE CARDS ***
CichiChanMarian: raises $1.50 to $2.50
poker_soul11: folds 
ReVeu710: folds 
sxmokane: calls $2.50
Poker9803: folds 
v.sting: folds 
*** FLOP *** [2c Th 3c]
CichiChanMarian: checks 
sxmokane: checks 
*** TURN *** [2c Th 3c] [2d]
CichiChanMarian: bets $4.63
sxmokane: raises $7.44 to $12.07
CichiChanMarian: folds 
Uncalled bet ($7.44) returned to sxmokane
sxmokane collected $14.97 from pot
*** SUMMARY ***
Total pot $15.76 | Rake $0.79 
Board [2c Th 3c 2d]
Seat 1: poker_soul11 folded before Flop (didn't bet)
Seat 2: ReVeu710 folded before Flop (didn't bet)
Seat 3: sxmokane (button) collected ($14.97)
Seat 4: Poker9803 (small blind) folded before Flop
Seat 5: v.sting (big blind) folded before Flop
Seat 6: CichiChanMarian folded on the Turn



PokerStars Hand #254485549526:  Hold'em No Limit ($0.50/$1.00 USD) - 2025/01/21 16:44:54 WET [2025/01/21 11:44:54 ET]
Table 'Padua IV' 6-max Seat #4 is the button
Seat 1: poker_soul11 ($140.37 in chips) 
Seat 2: ReVeu710 ($129.60 in chips) 
Seat 3: sxmokane ($84.26 in chips) 
Seat 4: Poker9803 ($104.50 in chips) 
Seat 5: v.sting ($197.11 in chips) 
Seat 6: CichiChanMarian ($100 in chips) 
v.sting: posts small blind $0.50
CichiChanMarian: posts big blind $1
*** HOLE CARDS ***
poker_soul11: folds 
ReVeu710: folds 
sxmokane: raises $1 to $2
Poker9803: folds 
v.sting: folds 
CichiChanMarian: folds 
Uncalled bet ($1) returned to sxmokane
sxmokane collected $2.50 from pot
*** SUMMARY ***
Total pot $2.50 | Rake $0 
Seat 1: poker_soul11 folded before Flop (didn't bet)
Seat 2: ReVeu710 folded before Flop (didn't bet)
Seat 3: sxmokane collected ($2.50)
Seat 4: Poker9803 (button) folded before Flop (didn't bet)
Seat 5: v.sting (small blind) folded before Flop
Seat 6: CichiChanMarian (big blind) folded before Flop



PokerStars Hand #254485555363:  Hold'em No Limit ($0.50/$1.00 USD) - 2025/01/21 16:45:20 WET [2025/01/21 11:45:20 ET]
Table 'Padua IV' 6-max Seat #5 is the button
Seat 1: poker_soul11 ($140.37 in chips) 
Seat 2: ReVeu710 ($129.60 in chips) 
Seat 3: sxmokane ($85.76 in chips) 
Seat 4: Poker9803 ($104.50 in chips) 
Seat 5: v.sting ($196.61 in chips) 
Seat 6: CichiChanMarian ($100 in chips) 
CichiChanMarian: posts small blind $0.50
poker_soul11: posts big blind $1
*** HOLE CARDS ***
ReVeu710: folds 
sxmokane: raises $4 to $5
Poker9803: raises $9 to $14
v.sting: folds 
CichiChanMarian: folds 
poker_soul11: folds 
sxmokane: folds 
Uncalled bet ($9) returned to Poker9803
Poker9803 collected $11.50 from pot
Poker9803: doesn't show hand 
*** SUMMARY ***
Total pot $11.50 | Rake $0 
Seat 1: poker_soul11 (big blind) folded before Flop
Seat 2: ReVeu710 folded before Flop (didn't bet)
Seat 3: sxmokane folded before Flop
Seat 4: Poker9803 collected ($11.50)
Seat 5: v.sting (button) folded before Flop (didn't bet)
Seat 6: CichiChanMarian (small blind) folded before Flop



PokerStars Hand #254485563508:  Hold'em No Limit ($0.50/$1.00 USD) - 2025/01/21 16:45:56 WET [2025/01/21 11:45:56 ET]
Table 'Padua IV' 6-max Seat #6 is the button
Seat 1: poker_soul11 ($139.37 in chips) 
Seat 2: ReVeu710 ($129.60 in chips) 
Seat 3: sxmokane ($80.76 in chips) 
Seat 4: Poker9803 ($111 in chips) 
Seat 5: v.sting ($196.61 in chips) 
Seat 6: CichiChanMarian ($100 in chips) 
poker_soul11: posts small blind $0.50
ReVeu710: posts big blind $1
*** HOLE CARDS ***
sxmokane: calls $1
Poker9803: folds 
v.sting: folds 
CichiChanMarian: folds 
poker_soul11: folds 
ReVeu710: checks 
*** FLOP *** [7c Th Kd]
ReVeu710: checks 
sxmokane: bets $2.38
ReVeu710: folds 
Uncalled bet ($2.38) returned to sxmokane
sxmokane collected $2.38 from pot
*** SUMMARY ***
Total pot $2.50 | Rake $0.12 
Board [7c Th Kd]
Seat 1: poker_soul11 (small blind) folded before Flop
Seat 2: ReVeu710 (big blind) folded on the Flop
Seat 3: sxmokane collected ($2.38)
Seat 4: Poker9803 folded before Flop (didn't bet)
Seat 5: v.sting folded before Flop (didn't bet)
Seat 6: CichiChanMarian (button) folded before Flop (didn't bet)



PokerStars Hand #254485568901:  Hold'em No Limit ($0.50/$1.00 USD) - 2025/01/21 16:46:21 WET [2025/01/21 11:46:21 ET]
Table 'Padua IV' 6-max Seat #1 is the button
Seat 1: poker_soul11 ($138.87 in chips) 
Seat 2: ReVeu710 ($128.60 in chips) 
Seat 3: sxmokane ($82.14 in chips) 
Seat 4: Poker9803 ($111 in chips) 
Seat 5: v.sting ($196.61 in chips) 
Seat 6: CichiChanMarian ($100 in chips) 
ReVeu710: posts small blind $0.50
sxmokane: posts big blind $1
*** HOLE CARDS ***
Poker9803: folds 
v.sting: folds 
CichiChanMarian: folds 
poker_soul11: raises $1.20 to $2.20
ReVeu710: raises $9.80 to $12
sxmokane: folds 
poker_soul11: folds 
Uncalled bet ($9.80) returned to ReVeu710
ReVeu710 collected $5.40 from pot
ReVeu710: doesn't show hand 
*** SUMMARY ***
Total pot $5.40 | Rake $0 
Seat 1: poker_soul11 (button) folded before Flop
Seat 2: ReVeu710 (small blind) collected ($5.40)
Seat 3: sxmokane (big blind) folded before Flop
Seat 4: Poker9803 folded before Flop (didn't bet)
Seat 5: v.sting folded before Flop (didn't bet)
Seat 6: CichiChanMarian folded before Flop (didn't bet)



PokerStars Hand #254485573167:  Hold'em No Limit ($0.50/$1.00 USD) - 2025/01/21 16:46:40 WET [2025/01/21 11:46:40 ET]
Table 'Padua IV' 6-max Seat #2 is the button
Seat 1: poker_soul11 ($136.67 in chips) 
Seat 2: ReVeu710 ($131.80 in chips) 
Seat 3: sxmokane ($81.14 in chips) 
Seat 4: Poker9803 ($111 in chips) 
Seat 5: v.sting ($196.61 in chips) 
Seat 6: CichiChanMarian ($100 in chips) 
sxmokane: posts small blind $0.50
Poker9803: posts big blind $1
*** HOLE CARDS ***
v.sting: folds 
CichiChanMarian: folds 
poker_soul11: folds 
ReVeu710: raises $1.50 to $2.50
sxmokane: calls $2
Poker9803: folds 
*** FLOP *** [Ts As Kc]
sxmokane: checks 
ReVeu710: bets $1.43
sxmokane: folds 
Uncalled bet ($1.43) returned to ReVeu710
ReVeu710 collected $5.70 from pot
ReVeu710: doesn't show hand 
*** SUMMARY ***
Total pot $6 | Rake $0.30 
Board [Ts As Kc]
Seat 1: poker_soul11 folded before Flop (didn't bet)
Seat 2: ReVeu710 (button) collected ($5.70)
Seat 3: sxmokane (small blind) folded on the Flop
Seat 4: Poker9803 (big blind) folded before Flop
Seat 5: v.sting folded before Flop (didn't bet)
Seat 6: CichiChanMarian folded before Flop (didn't bet)



PokerStars Hand #254485578609:  Hold'em No Limit ($0.50/$1.00 USD) - 2025/01/21 16:47:04 WET [2025/01/21 11:47:04 ET]
Table 'Padua IV' 6-max Seat #3 is the button
Seat 1: poker_soul11 ($136.67 in chips) 
Seat 2: ReVeu710 ($135 in chips) 
Seat 3: sxmokane ($78.64 in chips) 
Seat 4: Poker9803 ($110 in chips) 
Seat 5: v.sting ($196.61 in chips) 
Seat 6: CichiChanMarian ($100 in chips) 
Poker9803: posts small blind $0.50
v.sting: posts big blind $1
*** HOLE CARDS ***
CichiChanMarian: folds 
poker_soul11: folds 
ReVeu710: folds 
sxmokane: raises $2 to $3
Poker9803: folds 
v.sting: folds 
Uncalled bet ($2) returned to sxmokane
sxmokane collected $2.50 from pot
*** SUMMARY ***
Total pot $2.50 | Rake $0 
Seat 1: poker_soul11 folded before Flop (didn't bet)
Seat 2: ReVeu710 folded before Flop (didn't bet)
Seat 3: sxmokane (button) collected ($2.50)
Seat 4: Poker9803 (small blind) folded before Flop
Seat 5: v.sting (big blind) folded before Flop
Seat 6: CichiChanMarian folded before Flop (didn't bet)



PokerStars Hand #254485584484:  Hold'em No Limit ($0.50/$1.00 USD) - 2025/01/21 16:47:30 WET [2025/01/21 11:47:30 ET]
Table 'Padua IV' 6-max Seat #4 is the button
Seat 1: poker_soul11 ($136.67 in chips) 
Seat 2: ReVeu710 ($135 in chips) 
Seat 3: sxmokane ($80.14 in chips) 
Seat 4: Poker9803 ($109.50 in chips) 
Seat 5: v.sting ($195.61 in chips) 
Seat 6: CichiChanMarian ($100 in chips) 
v.sting: posts small blind $0.50
CichiChanMarian: posts big blind $1
*** HOLE CARDS ***
poker_soul11: raises $1.20 to $2.20
ReVeu710: folds 
sxmokane: folds 
Poker9803: folds 
v.sting: folds 
CichiChanMarian: folds 
Uncalled bet ($1.20) returned to poker_soul11
poker_soul11 collected $2.50 from pot
poker_soul11: doesn't show hand 
*** SUMMARY ***
Total pot $2.50 | Rake $0 
Seat 1: poker_soul11 collected ($2.50)
Seat 2: ReVeu710 folded before Flop (didn't bet)
Seat 3: sxmokane folded before Flop (didn't bet)
Seat 4: Poker9803 (button) folded before Flop (didn't bet)
Seat 5: v.sting (small blind) folded before Flop
Seat 6: CichiChanMarian (big blind) folded before Flop



PokerStars Hand #254485589470:  Hold'em No Limit ($0.50/$1.00 USD) - 2025/01/21 16:47:52 WET [2025/01/21 11:47:52 ET]
Table 'Padua IV' 6-max Seat #5 is the button
Seat 1: poker_soul11 ($138.17 in chips) 
Seat 2: ReVeu710 ($135 in chips) 
Seat 3: sxmokane ($80.14 in chips) 
Seat 4: Poker9803 ($109.50 in chips) 
Seat 5: v.sting ($195.11 in chips) 
Seat 6: CichiChanMarian ($100 in chips) 
CichiChanMarian: posts small blind $0.50
poker_soul11: posts big blind $1
*** HOLE CARDS ***
ReVeu710: raises $1 to $2
sxmokane: calls $2
Poker9803: folds 
v.sting: folds 
CichiChanMarian: raises $10 to $12
poker_soul11: folds 
ReVeu710: raises $16 to $28
sxmokane: folds 
CichiChanMarian: raises $72 to $100 and is all-in
ReVeu710: calls $72
*** FLOP *** [4c Qh As]
*** TURN *** [4c Qh As] [3d]
*** RIVER *** [4c Qh As 3d] [9h]
*** SHOW DOWN ***
CichiChanMarian: shows [Ah Ad] (three of a kind, Aces)
ReVeu710: shows [Kc Kh] (a pair of Kings)
CichiChanMarian collected $200.50 from pot
*** SUMMARY ***
Total pot $203 | Rake $2.50 
Board [4c Qh As 3d 9h]
Seat 1: poker_soul11 (big blind) folded before Flop
Seat 2: ReVeu710 showed [Kc Kh] and lost with a pair of Kings
Seat 3: sxmokane folded before Flop
Seat 4: Poker9803 folded before Flop (didn't bet)
Seat 5: v.sting (button) folded before Flop (didn't bet)
Seat 6: CichiChanMarian (small blind) showed [Ah Ad] and won ($200.50) with three of a kind, Aces



PokerStars Hand #254485599296:  Hold'em No Limit ($0.50/$1.00 USD) - 2025/01/21 16:48:36 WET [2025/01/21 11:48:36 ET]
Table 'Padua IV' 6-max Seat #6 is the button
Seat 1: poker_soul11 ($137.17 in chips) 
Seat 2: ReVeu710 ($100 in chips) 
Seat 3: sxmokane ($78.14 in chips) 
Seat 4: Poker9803 ($109.50 in chips) 
Seat 5: v.sting ($195.11 in chips) 
Seat 6: CichiChanMarian ($200.50 in chips) 
poker_soul11: posts small blind $0.50
ReVeu710: posts big blind $1
*** HOLE CARDS ***
sxmokane: raises $2 to $3
Poker9803: folds 
v.sting: raises $7.50 to $10.50
CichiChanMarian: folds 
poker_soul11: folds 
ReVeu710: folds 
sxmokane: folds 
Uncalled bet ($7.50) returned to v.sting
v.sting collected $7.50 from pot
v.sting: doesn't show hand 
*** SUMMARY ***
Total pot $7.50 | Rake $0 
Seat 1: poker_soul11 (small blind) folded before Flop
Seat 2: ReVeu710 (big blind) folded before Flop
Seat 3: sxmokane folded before Flop
Seat 4: Poker9803 folded before Flop (didn't bet)
Seat 5: v.sting collected ($7.50)
Seat 6: CichiChanMarian (button) folded before Flop (didn't bet)



PokerStars Hand #254485604026:  Hold'em No Limit ($0.50/$1.00 USD) - 2025/01/21 16:48:58 WET [2025/01/21 11:48:58 ET]
Table 'Padua IV' 6-max Seat #1 is the button
Seat 1: poker_soul11 ($136.67 in chips) 
Seat 2: ReVeu710 ($100 in chips) 
Seat 3: sxmokane ($75.14 in chips) 
Seat 4: Poker9803 ($109.50 in chips) 
Seat 5: v.sting ($199.61 in chips) 
Seat 6: CichiChanMarian ($200.50 in chips) 
ReVeu710: posts small blind $0.50
sxmokane: posts big blind $1
*** HOLE CARDS ***
Poker9803: raises $1.50 to $2.50
v.sting: folds 
CichiChanMarian: folds 
poker_soul11: folds 
ReVeu710: folds 
sxmokane: calls $1.50
*** FLOP *** [5c Kd 8h]
sxmokane: checks 
Poker9803: bets $1.72
sxmokane: folds 
Uncalled bet ($1.72) returned to Poker9803
Poker9803 collected $5.22 from pot
Poker9803: doesn't show hand 
*** SUMMARY ***
Total pot $5.50 | Rake $0.28 
Board [5c Kd 8h]
Seat 1: poker_soul11 (button) folded before Flop (didn't bet)
Seat 2: ReVeu710 (small blind) folded before Flop
Seat 3: sxmokane (big blind) folded on the Flop
Seat 4: Poker9803 collected ($5.22)
Seat 5: v.sting folded before Flop (didn't bet)
Seat 6: CichiChanMarian folded before Flop (didn't bet)



PokerStars Hand #254485612567:  Hold'em No Limit ($0.50/$1.00 USD) - 2025/01/21 16:49:36 WET [2025/01/21 11:49:36 ET]
Table 'Padua IV' 6-max Seat #2 is the button
Seat 1: poker_soul11 ($136.67 in chips) 
Seat 2: ReVeu710 ($100 in chips) 
Seat 3: sxmokane ($72.64 in chips) 
Seat 4: Poker9803 ($112.22 in chips) 
Seat 5: v.sting ($199.61 in chips) 
Seat 6: CichiChanMarian ($200.50 in chips) 
sxmokane: posts small blind $0.50
Poker9803: posts big blind $1
*** HOLE CARDS ***
v.sting: folds 
CichiChanMarian: folds 
poker_soul11: folds 
ReVeu710: raises $1.50 to $2.50
sxmokane: calls $2
Poker9803: folds 
*** FLOP *** [Jc 2d 4c]
sxmokane: checks 
ReVeu710: bets $1.43
sxmokane: raises $2.43 to $3.86
ReVeu710: folds 
Uncalled bet ($2.43) returned to sxmokane
sxmokane collected $8.42 from pot
*** SUMMARY ***
Total pot $8.86 | Rake $0.44 
Board [Jc 2d 4c]
Seat 1: poker_soul11 folded before Flop (didn't bet)
Seat 2: ReVeu710 (button) folded on the Flop
Seat 3: sxmokane (small blind) collected ($8.42)
Seat 4: Poker9803 (big blind) folded before Flop
Seat 5: v.sting folded before Flop (didn't bet)
Seat 6: CichiChanMarian folded before Flop (didn't bet)



PokerStars Hand #254485619118:  Hold'em No Limit ($0.50/$1.00 USD) - 2025/01/21 16:50:06 WET [2025/01/21 11:50:06 ET]
Table 'Padua IV' 6-max Seat #3 is the button
Seat 1: poker_soul11 ($136.67 in chips) 
Seat 2: ReVeu710 ($100 in chips) 
Seat 3: sxmokane ($77.13 in chips) 
Seat 4: Poker9803 ($111.22 in chips) 
Seat 5: v.sting ($199.61 in chips) 
Seat 6: CichiChanMarian ($200.50 in chips) 
Poker9803: posts small blind $0.50
v.sting: posts big blind $1
*** HOLE CARDS ***
CichiChanMarian: folds 
poker_soul11: folds 
ReVeu710: folds 
sxmokane: raises $3 to $4
Poker9803: folds 
v.sting: folds 
Uncalled bet ($3) returned to sxmokane
sxmokane collected $2.50 from pot
*** SUMMARY ***
Total pot $2.50 | Rake $0 
Seat 1: poker_soul11 folded before Flop (didn't bet)
Seat 2: ReVeu710 folded before Flop (didn't bet)
Seat 3: sxmokane (button) collected ($2.50)
Seat 4: Poker9803 (small blind) folded before Flop
Seat 5: v.sting (big blind) folded before Flop
Seat 6: CichiChanMarian folded before Flop (didn't bet)



PokerStars Hand #254485622606:  Hold'em No Limit ($0.50/$1.00 USD) - 2025/01/21 16:50:21 WET [2025/01/21 11:50:21 ET]
Table 'Padua IV' 6-max Seat #4 is the button
Seat 1: poker_soul11 ($136.67 in chips) 
Seat 2: ReVeu710 ($100 in chips) 
Seat 3: sxmokane ($78.63 in chips) 
Seat 4: Poker9803 ($110.72 in chips) 
Seat 5: v.sting ($198.61 in chips) 
Seat 6: CichiChanMarian ($200.50 in chips) 
v.sting: posts small blind $0.50
CichiChanMarian: posts big blind $1
*** HOLE CARDS ***
poker_soul11: raises $1.20 to $2.20
ReVeu710: folds 
sxmokane: calls $2.20
Poker9803: raises $7.80 to $10
v.sting: folds 
CichiChanMarian: folds 
poker_soul11: raises $126.67 to $136.67 and is all-in
sxmokane: folds 
Poker9803: folds 
Uncalled bet ($126.67) returned to poker_soul11
poker_soul11 collected $23.70 from pot
poker_soul11: doesn't show hand 
*** SUMMARY ***
Total pot $23.70 | Rake $0 
Seat 1: poker_soul11 collected ($23.70)
Seat 2: ReVeu710 folded before Flop (didn't bet)
Seat 3: sxmokane folded before Flop
Seat 4: Poker9803 (button) folded before Flop
Seat 5: v.sting (small blind) folded before Flop
Seat 6: CichiChanMarian (big blind) folded before Flop



PokerStars Hand #254485631542:  Hold'em No Limit ($0.50/$1.00 USD) - 2025/01/21 16:51:01 WET [2025/01/21 11:51:01 ET]
Table 'Padua IV' 6-max Seat #5 is the button
Seat 1: poker_soul11 ($150.37 in chips) 
Seat 2: ReVeu710 ($100 in chips) 
Seat 3: sxmokane ($76.43 in chips) 
Seat 4: Poker9803 ($100.72 in chips) 
Seat 5: v.sting ($198.11 in chips) 
Seat 6: CichiChanMarian ($199.50 in chips) 
CichiChanMarian: posts small blind $0.50
poker_soul11: posts big blind $1
*** HOLE CARDS ***
ReVeu710: folds 
sxmokane: raises $4 to $5
Poker9803: folds 
v.sting: folds 
CichiChanMarian: calls $4.50
poker_soul11: folds 
*** FLOP *** [Ac 6d Jh]
CichiChanMarian: checks 
sxmokane: checks 
*** TURN *** [Ac 6d Jh] [2d]
CichiChanMarian: checks 
sxmokane: bets $10.45
CichiChanMarian: calls $10.45
*** RIVER *** [Ac 6d Jh 2d] [Kd]
CichiChanMarian: checks 
sxmokane: checks 
*** SHOW DOWN ***
CichiChanMarian: shows [4d Ad] (a flush, Ace high)
sxmokane: mucks hand 
CichiChanMarian collected $30.30 from pot
*** SUMMARY ***
Total pot $31.90 | Rake $1.60 
Board [Ac 6d Jh 2d Kd]
Seat 1: poker_soul11 (big blind) folded before Flop
Seat 2: ReVeu710 folded before Flop (didn't bet)
Seat 3: sxmokane mucked
Seat 4: Poker9803 folded before Flop (didn't bet)
Seat 5: v.sting (button) folded before Flop (didn't bet)
Seat 6: CichiChanMarian (small blind) showed [4d Ad] and won ($30.30) with a flush, Ace high



PokerStars Hand #254485640116:  Hold'em No Limit ($0.50/$1.00 USD) - 2025/01/21 16:51:40 WET [2025/01/21 11:51:40 ET]
Table 'Padua IV' 6-max Seat #6 is the button
Seat 1: poker_soul11 ($149.37 in chips) 
Seat 2: ReVeu710 ($100 in chips) 
Seat 3: sxmokane ($60.98 in chips) 
Seat 4: Poker9803 ($100.72 in chips) 
Seat 5: v.sting ($198.11 in chips) 
Seat 6: CichiChanMarian ($214.35 in chips) 
poker_soul11: posts small blind $0.50
ReVeu710: posts big blind $1
*** HOLE CARDS ***
sxmokane: folds 
Poker9803: folds 
v.sting: raises $1.50 to $2.50
CichiChanMarian: folds 
poker_soul11: folds 
ReVeu710: folds 
Uncalled bet ($1.50) returned to v.sting
v.sting collected $2.50 from pot
v.sting: doesn't show hand 
*** SUMMARY ***
Total pot $2.50 | Rake $0 
Seat 1: poker_soul11 (small blind) folded before Flop
Seat 2: ReVeu710 (big blind) folded before Flop
Seat 3: sxmokane folded before Flop (didn't bet)
Seat 4: Poker9803 folded before Flop (didn't bet)
Seat 5: v.sting collected ($2.50)
Seat 6: CichiChanMarian (button) folded before Flop (didn't bet)



PokerStars Hand #254485647313:  Hold'em No Limit ($0.50/$1.00 USD) - 2025/01/21 16:52:12 WET [2025/01/21 11:52:12 ET]
Table 'Padua IV' 6-max Seat #1 is the button
Seat 1: poker_soul11 ($148.87 in chips) 
Seat 2: ReVeu710 ($100 in chips) 
Seat 3: sxmokane ($60.98 in chips) 
Seat 4: Poker9803 ($100.72 in chips) 
Seat 5: v.sting ($199.61 in chips) 
Seat 6: CichiChanMarian ($214.35 in chips) 
ReVeu710: posts small blind $0.50
sxmokane: posts big blind $1
*** HOLE CARDS ***
Poker9803: folds 
v.sting: raises $1.50 to $2.50
CichiChanMarian: folds 
poker_soul11: folds 
ReVeu710: folds 
sxmokane: calls $1.50
*** FLOP *** [8c Qd Td]
sxmokane: checks 
v.sting: bets $1.30
sxmokane: calls $1.30
*** TURN *** [8c Qd Td] [3c]
sxmokane: checks 
v.sting: checks 
*** RIVER *** [8c Qd Td 3c] [Ts]
sxmokane: bets $3.85
v.sting: calls $3.85
*** SHOW DOWN ***
sxmokane: shows [9c 3s] (two pair, Tens and Threes)
v.sting: mucks hand 
sxmokane collected $15.01 from pot
*** SUMMARY ***
Total pot $15.80 | Rake $0.79 
Board [8c Qd Td 3c Ts]
Seat 1: poker_soul11 (button) folded before Flop (didn't bet)
Seat 2: ReVeu710 (small blind) folded before Flop
Seat 3: sxmokane (big blind) showed [9c 3s] and won ($15.01) with two pair, Tens and Threes
Seat 4: Poker9803 folded before Flop (didn't bet)
Seat 5: v.sting mucked
Seat 6: CichiChanMarian folded before Flop (didn't bet)



PokerStars Hand #254485662392:  Hold'em No Limit ($0.50/$1.00 USD) - 2025/01/21 16:53:18 WET [2025/01/21 11:53:18 ET]
Table 'Padua IV' 6-max Seat #2 is the button
Seat 1: poker_soul11 ($148.87 in chips) 
Seat 2: ReVeu710 ($100 in chips) 
Seat 3: sxmokane ($68.34 in chips) 
Seat 4: Poker9803 ($100.72 in chips) 
Seat 5: v.sting ($191.96 in chips) 
Seat 6: CichiChanMarian ($214.35 in chips) 
sxmokane: posts small blind $0.50
Poker9803: posts big blind $1
*** HOLE CARDS ***
v.sting: folds 
CichiChanMarian: folds 
poker_soul11: folds 
ReVeu710: raises $1.50 to $2.50
sxmokane: calls $2
Poker9803: folds 
*** FLOP *** [Kh 9d 7c]
sxmokane: checks 
ReVeu710: bets $1.43
sxmokane: raises $2.43 to $3.86
ReVeu710: folds 
Uncalled bet ($2.43) returned to sxmokane
sxmokane collected $8.42 from pot
*** SUMMARY ***
Total pot $8.86 | Rake $0.44 
Board [Kh 9d 7c]
Seat 1: poker_soul11 folded before Flop (didn't bet)
Seat 2: ReVeu710 (button) folded on the Flop
Seat 3: sxmokane (small blind) collected ($8.42)
Seat 4: Poker9803 (big blind) folded before Flop
Seat 5: v.sting folded before Flop (didn't bet)
Seat 6: CichiChanMarian folded before Flop (didn't bet)



PokerStars Hand #254485672040:  Hold'em No Limit ($0.50/$1.00 USD) - 2025/01/21 16:54:02 WET [2025/01/21 11:54:02 ET]
Table 'Padua IV' 6-max Seat #3 is the button
Seat 1: poker_soul11 ($148.87 in chips) 
Seat 2: ReVeu710 ($100 in chips) 
Seat 3: sxmokane ($72.83 in chips) 
Seat 4: Poker9803 ($100 in chips) 
Seat 5: v.sting ($191.96 in chips) 
Seat 6: CichiChanMarian ($214.35 in chips) 
Poker9803: posts small blind $0.50
v.sting: posts big blind $1
*** HOLE CARDS ***
CichiChanMarian: folds 
poker_soul11: folds 
ReVeu710: folds 
sxmokane: raises $2 to $3
Poker9803: folds 
v.sting: raises $10 to $13
sxmokane: calls $10
*** FLOP *** [Jh Jc 6s]
v.sting: checks 
sxmokane: checks 
*** TURN *** [Jh Jc 6s] [2d]
v.sting: bets $13.85
sxmokane: folds 
Uncalled bet ($13.85) returned to v.sting
v.sting collected $25.18 from pot
v.sting: doesn't show hand 
*** SUMMARY ***
Total pot $26.50 | Rake $1.32 
Board [Jh Jc 6s 2d]
Seat 1: poker_soul11 folded before Flop (didn't bet)
Seat 2: ReVeu710 folded before Flop (didn't bet)
Seat 3: sxmokane (button) folded on the Turn
Seat 4: Poker9803 (small blind) folded before Flop
Seat 5: v.sting (big blind) collected ($25.18)
Seat 6: CichiChanMarian folded before Flop (didn't bet)



PokerStars Hand #254485681548:  Hold'em No Limit ($0.50/$1.00 USD) - 2025/01/21 16:54:44 WET [2025/01/21 11:54:44 ET]
Table 'Padua IV' 6-max Seat #4 is the button
Seat 1: poker_soul11 ($148.87 in chips) 
Seat 2: ReVeu710 ($100 in chips) 
Seat 3: sxmokane ($59.83 in chips) 
Seat 4: Poker9803 ($100 in chips) 
Seat 5: v.sting ($204.14 in chips) 
Seat 6: CichiChanMarian ($214.35 in chips) 
v.sting: posts small blind $0.50
CichiChanMarian: posts big blind $1
*** HOLE CARDS ***
poker_soul11: folds 
ReVeu710: folds 
sxmokane: raises $2 to $3
Poker9803: folds 
v.sting: raises $10 to $13
CichiChanMarian: raises $15.25 to $28.25
sxmokane: raises $31.58 to $59.83 and is all-in
v.sting: folds 
CichiChanMarian: calls $31.58
*** FLOP *** [2h 5c 9d]
*** TURN *** [2h 5c 9d] [Kd]
*** RIVER *** [2h 5c 9d Kd] [5h]
*** SHOW DOWN ***
CichiChanMarian: shows [Qs Th] (a pair of Fives)
sxmokane: shows [Qh Ah] (a pair of Fives - Ace kicker)
sxmokane collected $130.16 from pot
*** SUMMARY ***
Total pot $132.66 | Rake $2.50 
Board [2h 5c 9d Kd 5h]
Seat 1: poker_soul11 folded before Flop (didn't bet)
Seat 2: ReVeu710 folded before Flop (didn't bet)
Seat 3: sxmokane showed [Qh Ah] and won ($130.16) with a pair of Fives
Seat 4: Poker9803 (button) folded before Flop (didn't bet)
Seat 5: v.sting (small blind) folded before Flop
Seat 6: CichiChanMarian (big blind) showed [Qs Th] and lost with a pair of Fives



PokerStars Hand #254485692484:  Hold'em No Limit ($0.50/$1.00 USD) - 2025/01/21 16:55:41 WET [2025/01/21 11:55:41 ET]
Table 'Padua IV' 6-max Seat #5 is the button
Seat 1: poker_soul11 ($148.87 in chips) 
Seat 2: ReVeu710 ($100 in chips) 
Seat 3: sxmokane ($130.16 in chips) 
Seat 4: Poker9803 ($100 in chips) 
Seat 5: v.sting ($191.14 in chips) 
Seat 6: CichiChanMarian ($154.52 in chips) 
CichiChanMarian: posts small blind $0.50
poker_soul11: posts big blind $1
*** HOLE CARDS ***
ReVeu710: folds 
sxmokane: raises $2 to $3
Poker9803: folds 
v.sting: folds 
CichiChanMarian: folds 
poker_soul11: folds 
Uncalled bet ($2) returned to sxmokane
sxmokane collected $2.50 from pot
*** SUMMARY ***
Total pot $2.50 | Rake $0 
Seat 1: poker_soul11 (big blind) folded before Flop
Seat 2: ReVeu710 folded before Flop (didn't bet)
Seat 3: sxmokane collected ($2.50)
Seat 4: Poker9803 folded before Flop (didn't bet)
Seat 5: v.sting (button) folded before Flop (didn't bet)
Seat 6: CichiChanMarian (small blind) folded before Flop



PokerStars Hand #254485698134:  Hold'em No Limit ($0.50/$1.00 USD) - 2025/01/21 16:56:14 WET [2025/01/21 11:56:14 ET]
Table 'Padua IV' 6-max Seat #6 is the button
Seat 1: poker_soul11 ($147.87 in chips) 
Seat 2: ReVeu710 ($100 in chips) 
Seat 3: sxmokane ($131.66 in chips) 
Seat 4: Poker9803 ($100 in chips) 
Seat 5: v.sting ($191.14 in chips) 
Seat 6: CichiChanMarian ($154.02 in chips) 
poker_soul11: posts small blind $0.50
ReVeu710: posts big blind $1
*** HOLE CARDS ***
sxmokane: raises $2 to $3
Poker9803: folds 
v.sting: folds 
CichiChanMarian: folds 
poker_soul11: folds 
ReVeu710: raises $11 to $14
sxmokane: calls $11
*** FLOP *** [7d 7s Tc]
ReVeu710: bets $6.77
sxmokane: calls $6.77
*** TURN *** [7d 7s Tc] [9s]
ReVeu710: checks 
sxmokane: bets $19.97
ReVeu710: calls $19.97
*** RIVER *** [7d 7s Tc 9s] [3h]
ReVeu710: checks 
sxmokane: checks 
*** SHOW DOWN ***
ReVeu710: shows [Jd Ad] (a pair of Sevens)
sxmokane: shows [Qc As] (a pair of Sevens - Ace+Queen kicker)
sxmokane collected $79.48 from pot
*** SUMMARY ***
Total pot $81.98 | Rake $2.50 
Board [7d 7s Tc 9s 3h]
Seat 1: poker_soul11 (small blind) folded before Flop
Seat 2: ReVeu710 (big blind) showed [Jd Ad] and lost with a pair of Sevens
Seat 3: sxmokane showed [Qc As] and won ($79.48) with a pair of Sevens
Seat 4: Poker9803 folded before Flop (didn't bet)
Seat 5: v.sting folded before Flop (didn't bet)
Seat 6: CichiChanMarian (button) folded before Flop (didn't bet)



PokerStars Hand #254485704652:  Hold'em No Limit ($0.50/$1.00 USD) - 2025/01/21 16:56:50 WET [2025/01/21 11:56:50 ET]
Table 'Padua IV' 6-max Seat #1 is the button
Seat 1: poker_soul11 ($147.37 in chips) 
Seat 2: ReVeu710 ($100 in chips) 
Seat 3: sxmokane ($170.40 in chips) 
Seat 4: Poker9803 ($100 in chips) 
Seat 5: v.sting ($191.14 in chips) 
Seat 6: CichiChanMarian ($154.02 in chips) 
ReVeu710: posts small blind $0.50
sxmokane: posts big blind $1
*** HOLE CARDS ***
Poker9803: folds 
v.sting: raises $1.50 to $2.50
CichiChanMarian: folds 
poker_soul11: folds 
ReVeu710: folds 
sxmokane: calls $1.50
*** FLOP *** [8s Jh 6c]
ReVeu710 leaves the table
mr.Jckpot joins the table at seat #2 
sxmokane: bets $2.61
v.sting: calls $2.61
*** TURN *** [8s Jh 6c] [As]
sxmokane: bets $5.09
v.sting: calls $5.09
*** RIVER *** [8s Jh 6c As] [Ah]
sxmokane: bets $19.86
v.sting: folds 
Uncalled bet ($19.86) returned to sxmokane
sxmokane collected $19.86 from pot
*** SUMMARY ***
Total pot $20.90 | Rake $1.04 
Board [8s Jh 6c As Ah]
Seat 1: poker_soul11 (button) folded before Flop (didn't bet)
Seat 2: ReVeu710 (small blind) folded before Flop
Seat 3: sxmokane (big blind) collected ($19.86)
Seat 4: Poker9803 folded before Flop (didn't bet)
Seat 5: v.sting folded on the River
Seat 6: CichiChanMarian folded before Flop (didn't bet)



PokerStars Hand #254485715694:  Hold'em No Limit ($0.50/$1.00 USD) - 2025/01/21 16:57:51 WET [2025/01/21 11:57:51 ET]
Table 'Padua IV' 6-max Seat #3 is the button
Seat 2: mr.Jckpot ($100 in chips) is sitting out
Seat 1: poker_soul11 ($147.37 in chips) 
Seat 3: sxmokane ($180.06 in chips) 
Seat 4: Poker9803 ($100 in chips) 
Seat 5: v.sting ($180.94 in chips) 
Seat 6: CichiChanMarian ($154.02 in chips) 
Poker9803: posts small blind $0.50
v.sting: posts big blind $1
mr.Jckpot: sits out 
*** HOLE CARDS ***
CichiChanMarian: raises $1.50 to $2.50
poker_soul11: raises $5 to $7.50
sxmokane: folds 
Poker9803: folds 
v.sting: folds 
CichiChanMarian: calls $5
*** FLOP *** [8c 4d 6d]
CichiChanMarian: checks 
poker_soul11: bets $7.84
CichiChanMarian: calls $7.84
*** TURN *** [8c 4d 6d] [4h]
CichiChanMarian: checks 
poker_soul11: bets $22.93
CichiChanMarian: calls $22.93
*** RIVER *** [8c 4d 6d 4h] [7s]
CichiChanMarian: checks 
poker_soul11: checks 
*** SHOW DOWN ***
CichiChanMarian: shows [9d 9h] (two pair, Nines and Fours)
poker_soul11: shows [Qs Qh] (two pair, Queens and Fours)
poker_soul11 collected $75.54 from pot
*** SUMMARY ***
Total pot $78.04 | Rake $2.50 
Board [8c 4d 6d 4h 7s]
Seat 2: mr.Jckpot
Seat 1: poker_soul11 showed [Qs Qh] and won ($75.54) with two pair, Queens and Fours
Seat 3: sxmokane (button) folded before Flop (didn't bet)
Seat 4: Poker9803 (small blind) folded before Flop
Seat 5: v.sting (big blind) folded before Flop
Seat 6: CichiChanMarian showed [9d 9h] and lost with two pair, Nines and Fours



PokerStars Hand #254485728035:  Hold'em No Limit ($0.50/$1.00 USD) - 2025/01/21 16:59:01 WET [2025/01/21 11:59:01 ET]
Table 'Padua IV' 6-max Seat #4 is the button
Seat 2: mr.Jckpot ($100 in chips) is sitting out
Seat 1: poker_soul11 ($184.64 in chips) 
Seat 3: sxmokane ($180.06 in chips) 
Seat 4: Poker9803 ($100 in chips) 
Seat 5: v.sting ($179.94 in chips) 
Seat 6: CichiChanMarian ($115.75 in chips) 
v.sting: posts small blind $0.50
CichiChanMarian: posts big blind $1
mr.Jckpot: sits out 
*** HOLE CARDS ***
poker_soul11: folds 
sxmokane: raises $2 to $3
Poker9803: folds 
v.sting: raises $8.50 to $11.50
CichiChanMarian: folds 
sxmokane: folds 
Uncalled bet ($8.50) returned to v.sting
v.sting collected $7 from pot
v.sting: doesn't show hand 
*** SUMMARY ***
Total pot $7 | Rake $0 
Seat 2: mr.Jckpot
Seat 1: poker_soul11 folded before Flop (didn't bet)
Seat 3: sxmokane folded before Flop
Seat 4: Poker9803 (button) folded before Flop (didn't bet)
Seat 5: v.sting (small blind) collected ($7)
Seat 6: CichiChanMarian (big blind) folded before Flop



PokerStars Hand #254485732006:  Hold'em No Limit ($0.50/$1.00 USD) - 2025/01/21 16:59:24 WET [2025/01/21 11:59:24 ET]
Table 'Padua IV' 6-max Seat #5 is the button
Seat 2: mr.Jckpot ($100 in chips) is sitting out
Seat 1: poker_soul11 ($184.64 in chips) 
Seat 3: sxmokane ($177.06 in chips) 
Seat 4: Poker9803 ($100 in chips) 
Seat 5: v.sting ($183.94 in chips) 
Seat 6: CichiChanMarian ($114.75 in chips) 
CichiChanMarian: posts small blind $0.50
poker_soul11: posts big blind $1
mr.Jckpot: sits out 
*** HOLE CARDS ***
sxmokane: raises $2 to $3
Poker9803: raises $6 to $9
v.sting: folds 
CichiChanMarian: folds 
poker_soul11: folds 
sxmokane: calls $6
*** FLOP *** [Ks Kh 5d]
sxmokane: checks 
Poker9803: checks 
*** TURN *** [Ks Kh 5d] [4d]
sxmokane: bets $9.26
Poker9803: folds 
Uncalled bet ($9.26) returned to sxmokane
sxmokane collected $18.52 from pot
*** SUMMARY ***
Total pot $19.50 | Rake $0.98 
Board [Ks Kh 5d 4d]
Seat 2: mr.Jckpot
Seat 1: poker_soul11 (big blind) folded before Flop
Seat 3: sxmokane collected ($18.52)
Seat 4: Poker9803 folded on the Turn
Seat 5: v.sting (button) folded before Flop (didn't bet)
Seat 6: CichiChanMarian (small blind) folded before Flop



PokerStars Hand #254485740972:  Hold'em No Limit ($0.50/$1.00 USD) - 2025/01/21 17:00:13 WET [2025/01/21 12:00:13 ET]
Table 'Padua IV' 6-max Seat #6 is the button
Seat 1: poker_soul11 ($183.64 in chips) 
Seat 2: mr.Jckpot ($100 in chips) 
Seat 3: sxmokane ($186.58 in chips) 
Seat 4: Poker9803 ($100 in chips) 
Seat 5: v.sting ($183.94 in chips) 
Seat 6: CichiChanMarian ($114.25 in chips) 
poker_soul11: posts small blind $0.50
mr.Jckpot: posts big blind $1
*** HOLE CARDS ***
sxmokane: raises $2 to $3
Poker9803: folds 
v.sting: folds 
CichiChanMarian: folds 
poker_soul11: folds 
mr.Jckpot: calls $2
*** FLOP *** [5h 9h 5d]
mr.Jckpot: checks 
sxmokane: bets $6.18
mr.Jckpot: calls $6.18
*** TURN *** [5h 9h 5d] [2d]
mr.Jckpot: checks 
sxmokane: bets $8.96
mr.Jckpot: calls $8.96
*** RIVER *** [5h 9h 5d 2d] [3d]
mr.Jckpot: checks 
sxmokane: checks 
*** SHOW DOWN ***
mr.Jckpot: shows [Qh Jh] (a pair of Fives)
sxmokane: shows [4h Ks] (a pair of Fives - King kicker)
sxmokane collected $34.94 from pot
*** SUMMARY ***
Total pot $36.78 | Rake $1.84 
Board [5h 9h 5d 2d 3d]
Seat 1: poker_soul11 (small blind) folded before Flop
Seat 2: mr.Jckpot (big blind) showed [Qh Jh] and lost with a pair of Fives
Seat 3: sxmokane showed [4h Ks] and won ($34.94) with a pair of Fives
Seat 4: Poker9803 folded before Flop (didn't bet)
Seat 5: v.sting folded before Flop (didn't bet)
Seat 6: CichiChanMarian (button) folded before Flop (didn't bet)



PokerStars Hand #254485752794:  Hold'em No Limit ($0.50/$1.00 USD) - 2025/01/21 17:01:12 WET [2025/01/21 12:01:12 ET]
Table 'Padua IV' 6-max Seat #1 is the button
Seat 1: poker_soul11 ($183.14 in chips) 
Seat 2: mr.Jckpot ($100 in chips) 
Seat 3: sxmokane ($203.38 in chips) 
Seat 4: Poker9803 ($100 in chips) 
Seat 5: v.sting ($183.94 in chips) 
Seat 6: CichiChanMarian ($114.25 in chips) 
mr.Jckpot: posts small blind $0.50
sxmokane: posts big blind $1
*** HOLE CARDS ***
Poker9803: raises $1.50 to $2.50
v.sting: folds 
CichiChanMarian: calls $2.50
poker_soul11: folds 
mr.Jckpot: folds 
sxmokane: calls $1.50
*** FLOP *** [Ks 9d 5h]
sxmokane: checks 
Poker9803: bets $2.51
CichiChanMarian: calls $2.51
sxmokane: raises $5.51 to $8.02
Poker9803: calls $5.51
CichiChanMarian: calls $5.51
*** TURN *** [Ks 9d 5h] [2d]
sxmokane: checks 
Poker9803: checks 
CichiChanMarian: checks 
*** RIVER *** [Ks 9d 5h 2d] [As]
sxmokane: bets $15.23
Poker9803: folds 
CichiChanMarian: raises $88.50 to $103.73 and is all-in
sxmokane: calls $88.50
*** SHOW DOWN ***
CichiChanMarian: shows [9h Ah] (two pair, Aces and Nines)
sxmokane: shows [7s Ac] (a pair of Aces)
CichiChanMarian collected $237.02 from pot
*** SUMMARY ***
Total pot $239.52 | Rake $2.50 
Board [Ks 9d 5h 2d As]
Seat 1: poker_soul11 (button) folded before Flop (didn't bet)
Seat 2: mr.Jckpot (small blind) folded before Flop
Seat 3: sxmokane (big blind) showed [7s Ac] and lost with a pair of Aces
Seat 4: Poker9803 folded on the River
Seat 5: v.sting folded before Flop (didn't bet)
Seat 6: CichiChanMarian showed [9h Ah] and won ($237.02) with two pair, Aces and Nines



PokerStars Hand #254485787470:  Hold'em No Limit ($0.50/$1.00 USD) - 2025/01/21 17:03:46 WET [2025/01/21 12:03:46 ET]
Table 'Padua IV' 6-max Seat #2 is the button
Seat 1: poker_soul11 ($183.14 in chips) 
Seat 2: mr.Jckpot ($100 in chips) 
Seat 3: sxmokane ($89.13 in chips) 
Seat 4: Poker9803 ($100 in chips) 
Seat 5: v.sting ($183.94 in chips) 
Seat 6: CichiChanMarian ($237.02 in chips) 
sxmokane: posts small blind $0.50
Poker9803: posts big blind $1
*** HOLE CARDS ***
v.sting: folds 
CichiChanMarian: folds 
poker_soul11: folds 
mr.Jckpot: folds 
sxmokane: raises $2 to $3
Poker9803: folds 
Uncalled bet ($2) returned to sxmokane
sxmokane collected $2 from pot
*** SUMMARY ***
Total pot $2 | Rake $0 
Seat 1: poker_soul11 folded before Flop (didn't bet)
Seat 2: mr.Jckpot (button) folded before Flop (didn't bet)
Seat 3: sxmokane (small blind) collected ($2)
Seat 4: Poker9803 (big blind) folded before Flop
Seat 5: v.sting folded before Flop (didn't bet)
Seat 6: CichiChanMarian folded before Flop (didn't bet)



PokerStars Hand #254485791187:  Hold'em No Limit ($0.50/$1.00 USD) - 2025/01/21 17:04:03 WET [2025/01/21 12:04:03 ET]
Table 'Padua IV' 6-max Seat #3 is the button
Seat 1: poker_soul11 ($183.14 in chips) 
Seat 2: mr.Jckpot ($100 in chips) 
Seat 3: sxmokane ($90.13 in chips) 
Seat 4: Poker9803 ($100 in chips) 
Seat 5: v.sting ($183.94 in chips) 
Seat 6: CichiChanMarian ($237.02 in chips) 
Poker9803: posts small blind $0.50
v.sting: posts big blind $1
*** HOLE CARDS ***
CichiChanMarian: raises $1.50 to $2.50
poker_soul11: folds 
mr.Jckpot: folds 
sxmokane: calls $2.50
Poker9803: folds 
v.sting: folds 
*** FLOP *** [Qs 3s 3h]
CichiChanMarian: checks 
sxmokane: bets $6.18
CichiChanMarian: raises $12.24 to $18.42
sxmokane: folds 
Uncalled bet ($12.24) returned to CichiChanMarian
CichiChanMarian collected $17.92 from pot
CichiChanMarian: doesn't show hand 
*** SUMMARY ***
Total pot $18.86 | Rake $0.94 
Board [Qs 3s 3h]
Seat 1: poker_soul11 folded before Flop (didn't bet)
Seat 2: mr.Jckpot folded before Flop (didn't bet)
Seat 3: sxmokane (button) folded on the Flop
Seat 4: Poker9803 (small blind) folded before Flop
Seat 5: v.sting (big blind) folded before Flop
Seat 6: CichiChanMarian collected ($17.92)



PokerStars Hand #254485799528:  Hold'em No Limit ($0.50/$1.00 USD) - 2025/01/21 17:04:39 WET [2025/01/21 12:04:39 ET]
Table 'Padua IV' 6-max Seat #4 is the button
Seat 6: CichiChanMarian ($246.26 in chips) is sitting out
Seat 1: poker_soul11 ($183.14 in chips) 
Seat 2: mr.Jckpot ($100 in chips) 
Seat 3: sxmokane ($81.45 in chips) 
Seat 4: Poker9803 ($100 in chips) 
Seat 5: v.sting ($182.94 in chips) 
v.sting: posts small blind $0.50
CichiChanMarian: is sitting out 
poker_soul11: posts big blind $1
*** HOLE CARDS ***
mr.Jckpot: folds 
sxmokane: raises $2.50 to $3.50
Poker9803: folds 
v.sting: folds 
poker_soul11: folds 
Uncalled bet ($2.50) returned to sxmokane
sxmokane collected $2.50 from pot
*** SUMMARY ***
Total pot $2.50 | Rake $0 
Seat 6: CichiChanMarian
Seat 1: poker_soul11 (big blind) folded before Flop
Seat 2: mr.Jckpot folded before Flop (didn't bet)
Seat 3: sxmokane collected ($2.50)
Seat 4: Poker9803 (button) folded before Flop (didn't bet)
Seat 5: v.sting (small blind) folded before Flop



PokerStars Hand #254485803826:  Hold'em No Limit ($0.50/$1.00 USD) - 2025/01/21 17:04:58 WET [2025/01/21 12:04:58 ET]
Table 'Padua IV' 6-max Seat #5 is the button
Seat 6: CichiChanMarian ($246.26 in chips) is sitting out
Seat 1: poker_soul11 ($182.14 in chips) 
Seat 2: mr.Jckpot ($100 in chips) 
Seat 3: sxmokane ($82.95 in chips) 
Seat 4: Poker9803 ($100 in chips) 
Seat 5: v.sting ($182.44 in chips) 
poker_soul11: posts small blind $0.50
mr.Jckpot: posts big blind $1
*** HOLE CARDS ***
sxmokane: raises $2 to $3
Poker9803: folds 
v.sting: folds 
poker_soul11: raises $7 to $10
mr.Jckpot: raises $15 to $25
sxmokane: folds 
poker_soul11: raises $157.14 to $182.14 and is all-in
mr.Jckpot: calls $75 and is all-in
Uncalled bet ($82.14) returned to poker_soul11
*** FLOP *** [7d Jc 6h]
*** TURN *** [7d Jc 6h] [Ac]
*** RIVER *** [7d Jc 6h Ac] [8c]
*** SHOW DOWN ***
poker_soul11: shows [Qs Qc] (a pair of Queens)
mr.Jckpot: shows [Th Tc] (a pair of Tens)
poker_soul11 collected $200.50 from pot
*** SUMMARY ***
Total pot $203 | Rake $2.50 
Board [7d Jc 6h Ac 8c]
Seat 6: CichiChanMarian
Seat 1: poker_soul11 (small blind) showed [Qs Qc] and won ($200.50) with a pair of Queens
Seat 2: mr.Jckpot (big blind) showed [Th Tc] and lost with a pair of Tens
Seat 3: sxmokane folded before Flop
Seat 4: Poker9803 folded before Flop (didn't bet)
Seat 5: v.sting (button) folded before Flop (didn't bet)



PokerStars Hand #254485811075:  Hold'em No Limit ($0.50/$1.00 USD) - 2025/01/21 17:05:29 WET [2025/01/21 12:05:29 ET]
Table 'Padua IV' 6-max Seat #1 is the button
Seat 6: CichiChanMarian ($246.26 in chips) is sitting out
Seat 1: poker_soul11 ($282.64 in chips) 
Seat 2: mr.Jckpot ($100 in chips) 
Seat 3: sxmokane ($79.95 in chips) 
Seat 4: Poker9803 ($100 in chips) 
Seat 5: v.sting ($182.44 in chips) 
mr.Jckpot: posts small blind $0.50
sxmokane: posts big blind $1
CichiChanMarian: sits out 
*** HOLE CARDS ***
Poker9803: raises $1.50 to $2.50
v.sting: folds 
poker_soul11: folds 
mr.Jckpot: folds 
sxmokane: calls $1.50
*** FLOP *** [2s 6c 3h]
sxmokane: checks 
Poker9803: bets $1.72
sxmokane: raises $4.33 to $6.05
Poker9803: raises $13.95 to $20
sxmokane: folds 
Uncalled bet ($13.95) returned to Poker9803
Poker9803 collected $16.72 from pot
Poker9803: doesn't show hand 
*** SUMMARY ***
Total pot $17.60 | Rake $0.88 
Board [2s 6c 3h]
Seat 6: CichiChanMarian
Seat 1: poker_soul11 (button) folded before Flop (didn't bet)
Seat 2: mr.Jckpot (small blind) folded before Flop
Seat 3: sxmokane (big blind) folded on the Flop
Seat 4: Poker9803 collected ($16.72)
Seat 5: v.sting folded before Flop (didn't bet)



PokerStars Hand #254485822325:  Hold'em No Limit ($0.50/$1.00 USD) - 2025/01/21 17:06:19 WET [2025/01/21 12:06:19 ET]
Table 'Padua IV' 6-max Seat #2 is the button
Seat 6: CichiChanMarian ($246.26 in chips) is sitting out
Seat 1: poker_soul11 ($282.64 in chips) 
Seat 2: mr.Jckpot ($100 in chips) 
Seat 3: sxmokane ($71.40 in chips) 
Seat 4: Poker9803 ($108.17 in chips) 
Seat 5: v.sting ($182.44 in chips) 
sxmokane: posts small blind $0.50
Poker9803: posts big blind $1
CichiChanMarian: sits out 
*** HOLE CARDS ***
v.sting: folds 
poker_soul11: raises $1.20 to $2.20
mr.Jckpot: folds 
sxmokane: calls $1.70
Poker9803: folds 
*** FLOP *** [Ah 3d 8c]
sxmokane: checks 
poker_soul11: bets $1.28
sxmokane: calls $1.28
*** TURN *** [Ah 3d 8c] [4c]
sxmokane: checks 
poker_soul11: checks 
*** RIVER *** [Ah 3d 8c 4c] [5s]
sxmokane: checks 
poker_soul11: checks 
*** SHOW DOWN ***
sxmokane: shows [8h 7d] (a pair of Eights)
poker_soul11: mucks hand 
sxmokane collected $7.56 from pot
*** SUMMARY ***
Total pot $7.96 | Rake $0.40 
Board [Ah 3d 8c 4c 5s]
Seat 6: CichiChanMarian
Seat 1: poker_soul11 mucked
Seat 2: mr.Jckpot (button) folded before Flop (didn't bet)
Seat 3: sxmokane (small blind) showed [8h 7d] and won ($7.56) with a pair of Eights
Seat 4: Poker9803 (big blind) folded before Flop
Seat 5: v.sting folded before Flop (didn't bet)



PokerStars Hand #254485832558:  Hold'em No Limit ($0.50/$1.00 USD) - 2025/01/21 17:07:03 WET [2025/01/21 12:07:03 ET]
Table 'Padua IV' 6-max Seat #3 is the button
Seat 6: CichiChanMarian ($246.26 in chips) is sitting out
Seat 1: poker_soul11 ($279.16 in chips) 
Seat 2: mr.Jckpot ($100 in chips) 
Seat 3: sxmokane ($75.48 in chips) 
Seat 4: Poker9803 ($107.17 in chips) 
Seat 5: v.sting ($182.44 in chips) 
Poker9803: posts small blind $0.50
v.sting: posts big blind $1
CichiChanMarian: sits out 
*** HOLE CARDS ***
poker_soul11: folds 
mr.Jckpot: folds 
sxmokane: raises $2 to $3
Poker9803: raises $9 to $12
v.sting: folds 
sxmokane: calls $9
*** FLOP *** [8s Qd 3c]
Poker9803: checks 
sxmokane: checks 
*** TURN *** [8s Qd 3c] [Kc]
Poker9803: checks 
sxmokane: checks 
*** RIVER *** [8s Qd 3c Kc] [4d]
Poker9803: bets $7.84
sxmokane: folds 
Uncalled bet ($7.84) returned to Poker9803
Poker9803 collected $23.75 from pot
Poker9803: doesn't show hand 
*** SUMMARY ***
Total pot $25 | Rake $1.25 
Board [8s Qd 3c Kc 4d]
Seat 6: CichiChanMarian
Seat 1: poker_soul11 folded before Flop (didn't bet)
Seat 2: mr.Jckpot folded before Flop (didn't bet)
Seat 3: sxmokane (button) folded on the River
Seat 4: Poker9803 (small blind) collected ($23.75)
Seat 5: v.sting (big blind) folded before Flop



PokerStars Hand #254485840855:  Hold'em No Limit ($0.50/$1.00 USD) - 2025/01/21 17:07:39 WET [2025/01/21 12:07:39 ET]
Table 'Padua IV' 6-max Seat #4 is the button
Seat 1: poker_soul11 ($279.16 in chips) 
Seat 2: mr.Jckpot ($100 in chips) 
Seat 3: sxmokane ($63.48 in chips) 
Seat 4: Poker9803 ($118.92 in chips) 
Seat 5: v.sting ($181.44 in chips) 
Seat 6: CichiChanMarian ($246.26 in chips) 
v.sting: posts small blind $0.50
CichiChanMarian: posts big blind $1
*** HOLE CARDS ***
poker_soul11: raises $1.20 to $2.20
mr.Jckpot: folds 
sxmokane: calls $2.20
Poker9803: folds 
v.sting: raises $11.80 to $14
CichiChanMarian: folds 
poker_soul11: folds 
sxmokane: folds 
Uncalled bet ($11.80) returned to v.sting
v.sting collected $7.60 from pot
v.sting: doesn't show hand 
*** SUMMARY ***
Total pot $7.60 | Rake $0 
Seat 1: poker_soul11 folded before Flop
Seat 2: mr.Jckpot folded before Flop (didn't bet)
Seat 3: sxmokane folded before Flop
Seat 4: Poker9803 (button) folded before Flop (didn't bet)
Seat 5: v.sting (small blind) collected ($7.60)
Seat 6: CichiChanMarian (big blind) folded before Flop



PokerStars Hand #254485847635:  Hold'em No Limit ($0.50/$1.00 USD) - 2025/01/21 17:08:08 WET [2025/01/21 12:08:08 ET]
Table 'Padua IV' 6-max Seat #5 is the button
Seat 1: poker_soul11 ($276.96 in chips) 
Seat 2: mr.Jckpot ($100 in chips) 
Seat 3: sxmokane ($61.28 in chips) 
Seat 4: Poker9803 ($118.92 in chips) 
Seat 5: v.sting ($186.84 in chips) 
Seat 6: CichiChanMarian ($245.26 in chips) 
CichiChanMarian: posts small blind $0.50
poker_soul11: posts big blind $1
*** HOLE CARDS ***
mr.Jckpot: raises $1.50 to $2.50
sxmokane: calls $2.50
Poker9803: folds 
v.sting: folds 
CichiChanMarian: folds 
poker_soul11: folds 
*** FLOP *** [2h 5d 9c]
mr.Jckpot: bets $4.08
sxmokane: folds 
Uncalled bet ($4.08) returned to mr.Jckpot
mr.Jckpot collected $6.18 from pot
mr.Jckpot: doesn't show hand 
*** SUMMARY ***
Total pot $6.50 | Rake $0.32 
Board [2h 5d 9c]
Seat 1: poker_soul11 (big blind) folded before Flop
Seat 2: mr.Jckpot collected ($6.18)
Seat 3: sxmokane folded on the Flop
Seat 4: Poker9803 folded before Flop (didn't bet)
Seat 5: v.sting (button) folded before Flop (didn't bet)
Seat 6: CichiChanMarian (small blind) folded before Flop



PokerStars Hand #254485853033:  Hold'em No Limit ($0.50/$1.00 USD) - 2025/01/21 17:08:32 WET [2025/01/21 12:08:32 ET]
Table 'Padua IV' 6-max Seat #6 is the button
Seat 1: poker_soul11 ($275.96 in chips) 
Seat 2: mr.Jckpot ($103.68 in chips) 
Seat 3: sxmokane ($58.78 in chips) 
Seat 4: Poker9803 ($118.92 in chips) 
Seat 5: v.sting ($186.84 in chips) 
Seat 6: CichiChanMarian ($244.76 in chips) 
poker_soul11: posts small blind $0.50
mr.Jckpot: posts big blind $1
*** HOLE CARDS ***
sxmokane: raises $2 to $3
Poker9803: folds 
v.sting: folds 
CichiChanMarian: calls $3
poker_soul11: folds 
mr.Jckpot: calls $2
*** FLOP *** [7h 2c Jd]
mr.Jckpot: checks 
sxmokane: bets $9.02
CichiChanMarian: folds 
mr.Jckpot: folds 
Uncalled bet ($9.02) returned to sxmokane
sxmokane collected $9.02 from pot
*** SUMMARY ***
Total pot $9.50 | Rake $0.48 
Board [7h 2c Jd]
Seat 1: poker_soul11 (small blind) folded before Flop
Seat 2: mr.Jckpot (big blind) folded on the Flop
Seat 3: sxmokane collected ($9.02)
Seat 4: Poker9803 folded before Flop (didn't bet)
Seat 5: v.sting folded before Flop (didn't bet)
Seat 6: CichiChanMarian (button) folded on the Flop



PokerStars Hand #254485861777:  Hold'em No Limit ($0.50/$1.00 USD) - 2025/01/21 17:09:09 WET [2025/01/21 12:09:09 ET]
Table 'Padua IV' 6-max Seat #1 is the button
Seat 1: poker_soul11 ($275.46 in chips) 
Seat 2: mr.Jckpot ($100.68 in chips) 
Seat 3: sxmokane ($64.80 in chips) 
Seat 4: Poker9803 ($118.92 in chips) 
Seat 5: v.sting ($186.84 in chips) 
Seat 6: CichiChanMarian ($241.76 in chips) 
mr.Jckpot: posts small blind $0.50
sxmokane: posts big blind $1
*** HOLE CARDS ***
Poker9803: folds 
v.sting: folds 
CichiChanMarian: folds 
poker_soul11: folds 
mr.Jckpot: raises $1 to $2
sxmokane: raises $3 to $5
mr.Jckpot: calls $3
*** FLOP *** [As 7c 8s]
mr.Jckpot: checks 
sxmokane: bets $4.75
mr.Jckpot: calls $4.75
*** TURN *** [As 7c 8s] [Ah]
mr.Jckpot: checks 
sxmokane: bets $9.26
mr.Jckpot: folds 
Uncalled bet ($9.26) returned to sxmokane
sxmokane collected $18.52 from pot
*** SUMMARY ***
Total pot $19.50 | Rake $0.98 
Board [As 7c 8s Ah]
Seat 1: poker_soul11 (button) folded before Flop (didn't bet)
Seat 2: mr.Jckpot (small blind) folded on the Turn
Seat 3: sxmokane (big blind) collected ($18.52)
Seat 4: Poker9803 folded before Flop (didn't bet)
Seat 5: v.sting folded before Flop (didn't bet)
Seat 6: CichiChanMarian folded before Flop (didn't bet)



PokerStars Hand #254485873356:  Hold'em No Limit ($0.50/$1.00 USD) - 2025/01/21 17:09:58 WET [2025/01/21 12:09:58 ET]
Table 'Padua IV' 6-max Seat #2 is the button
Seat 1: poker_soul11 ($275.46 in chips) 
Seat 2: mr.Jckpot ($100 in chips) 
Seat 3: sxmokane ($73.57 in chips) 
Seat 4: Poker9803 ($118.92 in chips) 
Seat 5: v.sting ($186.84 in chips) 
Seat 6: CichiChanMarian ($241.76 in chips) 
sxmokane: posts small blind $0.50
Poker9803: posts big blind $1
*** HOLE CARDS ***
v.sting: folds 
CichiChanMarian: raises $1.50 to $2.50
poker_soul11: folds 
mr.Jckpot: calls $2.50
sxmokane: calls $2
Poker9803: folds 
*** FLOP *** [8h 7c 6d]
sxmokane: checks 
CichiChanMarian: checks 
mr.Jckpot: checks 
*** TURN *** [8h 7c 6d] [8s]
sxmokane: bets $4.04
CichiChanMarian: folds 
mr.Jckpot: folds 
Uncalled bet ($4.04) returned to sxmokane
sxmokane collected $8.08 from pot
*** SUMMARY ***
Total pot $8.50 | Rake $0.42 
Board [8h 7c 6d 8s]
Seat 1: poker_soul11 folded before Flop (didn't bet)
Seat 2: mr.Jckpot (button) folded on the Turn
Seat 3: sxmokane (small blind) collected ($8.08)
Seat 4: Poker9803 (big blind) folded before Flop
Seat 5: v.sting folded before Flop (didn't bet)
Seat 6: CichiChanMarian folded on the Turn



PokerStars Hand #254485886000:  Hold'em No Limit ($0.50/$1.00 USD) - 2025/01/21 17:10:51 WET [2025/01/21 12:10:51 ET]
Table 'Padua IV' 6-max Seat #3 is the button
Seat 1: poker_soul11 ($275.46 in chips) 
Seat 2: mr.Jckpot ($100 in chips) 
Seat 3: sxmokane ($79.15 in chips) 
Seat 4: Poker9803 ($117.92 in chips) 
Seat 5: v.sting ($186.84 in chips) 
Seat 6: CichiChanMarian ($239.26 in chips) 
Poker9803: posts small blind $0.50
v.sting: posts big blind $1
*** HOLE CARDS ***
CichiChanMarian: raises $1.50 to $2.50
poker_soul11: folds 
mr.Jckpot: folds 
sxmokane: calls $2.50
Poker9803: folds 
v.sting: folds 
*** FLOP *** [5d 9c 3c]
CichiChanMarian: checks 
sxmokane: bets $3.09
CichiChanMarian: calls $3.09
*** TURN *** [5d 9c 3c] [Ah]
CichiChanMarian: checks 
sxmokane: bets $6.03
CichiChanMarian: folds 
Uncalled bet ($6.03) returned to sxmokane
sxmokane collected $12.05 from pot
*** SUMMARY ***
Total pot $12.68 | Rake $0.63 
Board [5d 9c 3c Ah]
Seat 1: poker_soul11 folded before Flop (didn't bet)
Seat 2: mr.Jckpot folded before Flop (didn't bet)
Seat 3: sxmokane (button) collected ($12.05)
Seat 4: Poker9803 (small blind) folded before Flop
Seat 5: v.sting (big blind) folded before Flop
Seat 6: CichiChanMarian folded on the Turn



PokerStars Hand #254485898621:  Hold'em No Limit ($0.50/$1.00 USD) - 2025/01/21 17:11:43 WET [2025/01/21 12:11:43 ET]
Table 'Padua IV' 6-max Seat #4 is the button
Seat 1: poker_soul11 ($275.46 in chips) 
Seat 2: mr.Jckpot ($100 in chips) 
Seat 3: sxmokane ($85.61 in chips) 
Seat 4: Poker9803 ($117.42 in chips) 
Seat 5: v.sting ($185.84 in chips) 
Seat 6: CichiChanMarian ($233.67 in chips) 
v.sting: posts small blind $0.50
CichiChanMarian: posts big blind $1
*** HOLE CARDS ***
poker_soul11: folds 
mr.Jckpot: raises $1.50 to $2.50
sxmokane: calls $2.50
Poker9803: raises $8.50 to $11
v.sting: folds 
CichiChanMarian: folds 
mr.Jckpot: calls $8.50
sxmokane: calls $8.50
*** FLOP *** [Tc 5s 5c]
mr.Jckpot: checks 
sxmokane: checks 
Poker9803: bets $10.82
mr.Jckpot: calls $10.82
sxmokane: calls $10.82
*** TURN *** [Tc 5s 5c] [9h]
mr.Jckpot: checks 
sxmokane: checks 
Poker9803: checks 
*** RIVER *** [Tc 5s 5c 9h] [8d]
mr.Jckpot: bets $35.45
sxmokane: folds 
Poker9803: folds 
Uncalled bet ($35.45) returned to mr.Jckpot
mr.Jckpot collected $64.46 from pot
mr.Jckpot: doesn't show hand 
*** SUMMARY ***
Total pot $66.96 | Rake $2.50 
Board [Tc 5s 5c 9h 8d]
Seat 1: poker_soul11 folded before Flop (didn't bet)
Seat 2: mr.Jckpot collected ($64.46)
Seat 3: sxmokane folded on the River
Seat 4: Poker9803 (button) folded on the River
Seat 5: v.sting (small blind) folded before Flop
Seat 6: CichiChanMarian (big blind) folded before Flop



PokerStars Hand #254485920370:  Hold'em No Limit ($0.50/$1.00 USD) - 2025/01/21 17:13:12 WET [2025/01/21 12:13:12 ET]
Table 'Padua IV' 6-max Seat #5 is the button
Seat 1: poker_soul11 ($275.46 in chips) 
Seat 2: mr.Jckpot ($142.64 in chips) 
Seat 3: sxmokane ($63.79 in chips) 
Seat 4: Poker9803 ($100 in chips) 
Seat 5: v.sting ($185.34 in chips) 
Seat 6: CichiChanMarian ($232.67 in chips) 
CichiChanMarian: posts small blind $0.50
poker_soul11: posts big blind $1
*** HOLE CARDS ***
mr.Jckpot: raises $1.50 to $2.50
sxmokane: folds 
Poker9803: raises $6 to $8.50
v.sting: folds 
CichiChanMarian: folds 
poker_soul11: folds 
mr.Jckpot: folds 
Uncalled bet ($6) returned to Poker9803
Poker9803 collected $6.50 from pot
Poker9803: doesn't show hand 
*** SUMMARY ***
Total pot $6.50 | Rake $0 
Seat 1: poker_soul11 (big blind) folded before Flop
Seat 2: mr.Jckpot folded before Flop
Seat 3: sxmokane folded before Flop (didn't bet)
Seat 4: Poker9803 collected ($6.50)
Seat 5: v.sting (button) folded before Flop (didn't bet)
Seat 6: CichiChanMarian (small blind) folded before Flop



PokerStars Hand #254485928788:  Hold'em No Limit ($0.50/$1.00 USD) - 2025/01/21 17:13:46 WET [2025/01/21 12:13:46 ET]
Table 'Padua IV' 6-max Seat #6 is the button
Seat 1: poker_soul11 ($274.46 in chips) 
Seat 2: mr.Jckpot ($140.14 in chips) 
Seat 3: sxmokane ($63.79 in chips) 
Seat 4: Poker9803 ($104 in chips) 
Seat 5: v.sting ($185.34 in chips) 
Seat 6: CichiChanMarian ($232.17 in chips) 
poker_soul11: posts small blind $0.50
mr.Jckpot: posts big blind $1
*** HOLE CARDS ***
sxmokane: raises $2.50 to $3.50
Poker9803: folds 
v.sting: folds 
CichiChanMarian: folds 
poker_soul11: folds 
mr.Jckpot: calls $2.50
*** FLOP *** [3d Qc 7s]
mr.Jckpot: checks 
sxmokane: bets $7.12
mr.Jckpot: folds 
Uncalled bet ($7.12) returned to sxmokane
sxmokane collected $7.12 from pot
*** SUMMARY ***
Total pot $7.50 | Rake $0.38 
Board [3d Qc 7s]
Seat 1: poker_soul11 (small blind) folded before Flop
Seat 2: mr.Jckpot (big blind) folded on the Flop
Seat 3: sxmokane collected ($7.12)
Seat 4: Poker9803 folded before Flop (didn't bet)
Seat 5: v.sting folded before Flop (didn't bet)
Seat 6: CichiChanMarian (button) folded before Flop (didn't bet)



PokerStars Hand #254485935784:  Hold'em No Limit ($0.50/$1.00 USD) - 2025/01/21 17:14:14 WET [2025/01/21 12:14:14 ET]
Table 'Padua IV' 6-max Seat #1 is the button
Seat 1: poker_soul11 ($273.96 in chips) 
Seat 2: mr.Jckpot ($136.64 in chips) 
Seat 3: sxmokane ($67.41 in chips) 
Seat 4: Poker9803 ($104 in chips) 
Seat 5: v.sting ($185.34 in chips) 
Seat 6: CichiChanMarian ($232.17 in chips) 
mr.Jckpot: posts small blind $0.50
sxmokane: posts big blind $1
*** HOLE CARDS ***
Poker9803: folds 
v.sting: raises $1.50 to $2.50
CichiChanMarian: folds 
poker_soul11: folds 
mr.Jckpot: folds 
sxmokane: calls $1.50
*** FLOP *** [3h 7d 4h]
sxmokane: checks 
v.sting: bets $1.30
sxmokane: calls $1.30
*** TURN *** [3h 7d 4h] [Js]
sxmokane: checks 
v.sting: bets $4.24
sxmokane: folds 
Uncalled bet ($4.24) returned to v.sting
v.sting collected $7.70 from pot
v.sting: doesn't show hand 
*** SUMMARY ***
Total pot $8.10 | Rake $0.40 
Board [3h 7d 4h Js]
Seat 1: poker_soul11 (button) folded before Flop (didn't bet)
Seat 2: mr.Jckpot (small blind) folded before Flop
Seat 3: sxmokane (big blind) folded on the Turn
Seat 4: Poker9803 folded before Flop (didn't bet)
Seat 5: v.sting collected ($7.70)
Seat 6: CichiChanMarian folded before Flop (didn't bet)



PokerStars Hand #254485946882:  Hold'em No Limit ($0.50/$1.00 USD) - 2025/01/21 17:14:59 WET [2025/01/21 12:14:59 ET]
Table 'Padua IV' 6-max Seat #2 is the button
Seat 1: poker_soul11 ($273.96 in chips) 
Seat 2: mr.Jckpot ($136.14 in chips) 
Seat 3: sxmokane ($63.61 in chips) 
Seat 4: Poker9803 ($104 in chips) 
Seat 5: v.sting ($189.24 in chips) 
Seat 6: CichiChanMarian ($232.17 in chips) 
sxmokane: posts small blind $0.50
Poker9803: posts big blind $1
*** HOLE CARDS ***
v.sting: folds 
CichiChanMarian: folds 
poker_soul11: folds 
mr.Jckpot: folds 
v.sting leaves the table
sxmokane: raises $2 to $3
Poker9803: calls $2
*** FLOP *** [7s 2c 7d]
sxmokane: checks 
Poker9803: bets $1.88
sxmokane: calls $1.88
*** TURN *** [7s 2c 7d] [6h]
sxmokane: checks 
Burlica2013 joins the table at seat #5 
Poker9803: bets $6.95
sxmokane: folds 
Uncalled bet ($6.95) returned to Poker9803
Poker9803 collected $9.27 from pot
Poker9803: doesn't show hand 
*** SUMMARY ***
Total pot $9.76 | Rake $0.49 
Board [7s 2c 7d 6h]
Seat 1: poker_soul11 folded before Flop (didn't bet)
Seat 2: mr.Jckpot (button) folded before Flop (didn't bet)
Seat 3: sxmokane (small blind) folded on the Turn
Seat 4: Poker9803 (big blind) collected ($9.27)
Seat 5: v.sting folded before Flop (didn't bet)
Seat 6: CichiChanMarian folded before Flop (didn't bet)



PokerStars Hand #254485953893:  Hold'em No Limit ($0.50/$1.00 USD) - 2025/01/21 17:15:27 WET [2025/01/21 12:15:27 ET]
Table 'Padua IV' 6-max Seat #3 is the button
Seat 1: poker_soul11 ($273.96 in chips) 
Seat 2: mr.Jckpot ($136.14 in chips) 
Seat 3: sxmokane ($58.73 in chips) 
Seat 4: Poker9803 ($108.39 in chips) 
Seat 5: Burlica2013 ($100 in chips) 
Seat 6: CichiChanMarian ($232.17 in chips) 
Poker9803: posts small blind $0.50
Burlica2013: posts big blind $1
*** HOLE CARDS ***
CichiChanMarian: raises $1.50 to $2.50
poker_soul11: folds 
mr.Jckpot: folds 
sxmokane: calls $2.50
Poker9803: folds 
Burlica2013: raises $11.50 to $14
CichiChanMarian: folds 
sxmokane: folds 
Uncalled bet ($11.50) returned to Burlica2013
Burlica2013 collected $8 from pot
Burlica2013: doesn't show hand 
*** SUMMARY ***
Total pot $8 | Rake $0 
Seat 1: poker_soul11 folded before Flop (didn't bet)
Seat 2: mr.Jckpot folded before Flop (didn't bet)
Seat 3: sxmokane (button) folded before Flop
Seat 4: Poker9803 (small blind) folded before Flop
Seat 5: Burlica2013 (big blind) collected ($8)
Seat 6: CichiChanMarian folded before Flop



PokerStars Hand #254485960107:  Hold'em No Limit ($0.50/$1.00 USD) - 2025/01/21 17:15:52 WET [2025/01/21 12:15:52 ET]
Table 'Padua IV' 6-max Seat #4 is the button
Seat 1: poker_soul11 ($273.96 in chips) 
Seat 2: mr.Jckpot ($136.14 in chips) 
Seat 3: sxmokane ($56.23 in chips) 
Seat 4: Poker9803 ($107.89 in chips) 
Seat 5: Burlica2013 ($105.50 in chips) 
Seat 6: CichiChanMarian ($229.67 in chips) 
Burlica2013: posts small blind $0.50
CichiChanMarian: posts big blind $1
*** HOLE CARDS ***
poker_soul11: raises $1.20 to $2.20
mr.Jckpot: folds 
sxmokane: folds 
Poker9803: folds 
Burlica2013: folds 
CichiChanMarian: folds 
Uncalled bet ($1.20) returned to poker_soul11
poker_soul11 collected $2.50 from pot
poker_soul11: doesn't show hand 
*** SUMMARY ***
Total pot $2.50 | Rake $0 
Seat 1: poker_soul11 collected ($2.50)
Seat 2: mr.Jckpot folded before Flop (didn't bet)
Seat 3: sxmokane folded before Flop (didn't bet)
Seat 4: Poker9803 (button) folded before Flop (didn't bet)
Seat 5: Burlica2013 (small blind) folded before Flop
Seat 6: CichiChanMarian (big blind) folded before Flop



PokerStars Hand #254485963125:  Hold'em No Limit ($0.50/$1.00 USD) - 2025/01/21 17:16:05 WET [2025/01/21 12:16:05 ET]
Table 'Padua IV' 6-max Seat #5 is the button
Seat 1: poker_soul11 ($275.46 in chips) 
Seat 2: mr.Jckpot ($136.14 in chips) 
Seat 3: sxmokane ($56.23 in chips) 
Seat 4: Poker9803 ($107.89 in chips) 
Seat 5: Burlica2013 ($105 in chips) 
Seat 6: CichiChanMarian ($228.67 in chips) 
CichiChanMarian: posts small blind $0.50
poker_soul11: posts big blind $1
*** HOLE CARDS ***
mr.Jckpot: raises $1.50 to $2.50
sxmokane: raises $4.50 to $7
Poker9803: raises $14 to $21
Burlica2013: folds 
CichiChanMarian: folds 
poker_soul11: folds 
mr.Jckpot: folds 
sxmokane: raises $35.23 to $56.23 and is all-in
Poker9803: calls $35.23
*** FLOP *** [Qh Jh Js]
*** TURN *** [Qh Jh Js] [2d]
*** RIVER *** [Qh Jh Js 2d] [Ah]
*** SHOW DOWN ***
sxmokane: shows [Qd Qc] (a full house, Queens full of Jacks)
Poker9803: shows [9h 9c] (two pair, Jacks and Nines)
sxmokane collected $113.96 from pot
*** SUMMARY ***
Total pot $116.46 | Rake $2.50 
Board [Qh Jh Js 2d Ah]
Seat 1: poker_soul11 (big blind) folded before Flop
Seat 2: mr.Jckpot folded before Flop
Seat 3: sxmokane showed [Qd Qc] and won ($113.96) with a full house, Queens full of Jacks
Seat 4: Poker9803 showed [9h 9c] and lost with two pair, Jacks and Nines
Seat 5: Burlica2013 (button) folded before Flop (didn't bet)
Seat 6: CichiChanMarian (small blind) folded before Flop



PokerStars Hand #254485974601:  Hold'em No Limit ($0.50/$1.00 USD) - 2025/01/21 17:16:51 WET [2025/01/21 12:16:51 ET]
Table 'Padua IV' 6-max Seat #6 is the button
Seat 1: poker_soul11 ($274.46 in chips) 
Seat 2: mr.Jckpot ($133.64 in chips) 
Seat 3: sxmokane ($113.96 in chips) 
Seat 4: Poker9803 ($100 in chips) 
Seat 5: Burlica2013 ($105 in chips) 
Seat 6: CichiChanMarian ($228.17 in chips) 
poker_soul11: posts small blind $0.50
mr.Jckpot: posts big blind $1
*** HOLE CARDS ***
sxmokane: raises $2 to $3
Poker9803: folds 
Burlica2013: folds 
CichiChanMarian: folds 
poker_soul11: folds 
mr.Jckpot: folds 
Uncalled bet ($2) returned to sxmokane
sxmokane collected $2.50 from pot
*** SUMMARY ***
Total pot $2.50 | Rake $0 
Seat 1: poker_soul11 (small blind) folded before Flop
Seat 2: mr.Jckpot (big blind) folded before Flop
Seat 3: sxmokane collected ($2.50)
Seat 4: Poker9803 folded before Flop (didn't bet)
Seat 5: Burlica2013 folded before Flop (didn't bet)
Seat 6: CichiChanMarian (button) folded before Flop (didn't bet)



PokerStars Hand #254485977757:  Hold'em No Limit ($0.50/$1.00 USD) - 2025/01/21 17:17:04 WET [2025/01/21 12:17:04 ET]
Table 'Padua IV' 6-max Seat #1 is the button
Seat 1: poker_soul11 ($273.96 in chips) 
Seat 2: mr.Jckpot ($132.64 in chips) 
Seat 3: sxmokane ($115.46 in chips) 
Seat 4: Poker9803 ($100 in chips) 
Seat 5: Burlica2013 ($105 in chips) 
Seat 6: CichiChanMarian ($228.17 in chips) 
mr.Jckpot: posts small blind $0.50
sxmokane: posts big blind $1
*** HOLE CARDS ***
Poker9803: raises $1.50 to $2.50
Burlica2013: folds 
CichiChanMarian: folds 
poker_soul11: folds 
mr.Jckpot: folds 
sxmokane: raises $2.50 to $5
Poker9803: calls $2.50
*** FLOP *** [Ad 9h Js]
sxmokane: checks 
Poker9803: bets $3.29
sxmokane: raises $8.28 to $11.57
Poker9803: raises $21.43 to $33
sxmokane: raises $77.46 to $110.46 and is all-in
Poker9803: folds 
Uncalled bet ($77.46) returned to sxmokane
sxmokane collected $74 from pot
*** SUMMARY ***
Total pot $76.50 | Rake $2.50 
Board [Ad 9h Js]
Seat 1: poker_soul11 (button) folded before Flop (didn't bet)
Seat 2: mr.Jckpot (small blind) folded before Flop
Seat 3: sxmokane (big blind) collected ($74)
Seat 4: Poker9803 folded on the Flop
Seat 5: Burlica2013 folded before Flop (didn't bet)
Seat 6: CichiChanMarian folded before Flop (didn't bet)



PokerStars Hand #254485988047:  Hold'em No Limit ($0.50/$1.00 USD) - 2025/01/21 17:17:45 WET [2025/01/21 12:17:45 ET]
Table 'Padua IV' 6-max Seat #2 is the button
Seat 1: poker_soul11 ($273.96 in chips) 
Seat 2: mr.Jckpot ($132.14 in chips) 
Seat 3: sxmokane ($151.46 in chips) 
Seat 4: Poker9803 ($100 in chips) 
Seat 5: Burlica2013 ($105 in chips) 
Seat 6: CichiChanMarian ($228.17 in chips) 
sxmokane: posts small blind $0.50
Poker9803: posts big blind $1
*** HOLE CARDS ***
Burlica2013: folds 
CichiChanMarian: raises $1.50 to $2.50
poker_soul11: folds 
mr.Jckpot: folds 
sxmokane: calls $2
Poker9803: calls $1.50
*** FLOP *** [Td Ad 4h]
sxmokane: checks 
Poker9803: checks 
CichiChanMarian: bets $2.35
sxmokane: folds 
Poker9803: calls $2.35
*** TURN *** [Td Ad 4h] [Qd]
Poker9803: checks 
CichiChanMarian: checks 
*** RIVER *** [Td Ad 4h Qd] [9d]
Poker9803: bets $3.82
CichiChanMarian: calls $3.82
*** SHOW DOWN ***
Poker9803: shows [Jd Tc] (a flush, Ace high)
CichiChanMarian: mucks hand 
Poker9803 collected $18.85 from pot
*** SUMMARY ***
Total pot $19.84 | Rake $0.99 
Board [Td Ad 4h Qd 9d]
Seat 1: poker_soul11 folded before Flop (didn't bet)
Seat 2: mr.Jckpot (button) folded before Flop (didn't bet)
Seat 3: sxmokane (small blind) folded on the Flop
Seat 4: Poker9803 (big blind) showed [Jd Tc] and won ($18.85) with a flush, Ace high
Seat 5: Burlica2013 folded before Flop (didn't bet)
Seat 6: CichiChanMarian mucked



PokerStars Hand #254486000610:  Hold'em No Limit ($0.50/$1.00 USD) - 2025/01/21 17:18:36 WET [2025/01/21 12:18:36 ET]
Table 'Padua IV' 6-max Seat #3 is the button
Seat 1: poker_soul11 ($273.96 in chips) 
Seat 2: mr.Jckpot ($132.14 in chips) 
Seat 3: sxmokane ($148.96 in chips) 
Seat 4: Poker9803 ($110.18 in chips) 
Seat 5: Burlica2013 ($105 in chips) 
Seat 6: CichiChanMarian ($219.50 in chips) 
Poker9803: posts small blind $0.50
Burlica2013: posts big blind $1
*** HOLE CARDS ***
CichiChanMarian: raises $1.50 to $2.50
poker_soul11: folds 
mr.Jckpot: folds 
sxmokane: raises $5 to $7.50
Poker9803: folds 
Burlica2013: folds 
CichiChanMarian: calls $5
*** FLOP *** [4c Ts Ad]
CichiChanMarian: checks 
sxmokane: bets $7.84
CichiChanMarian: calls $7.84
*** TURN *** [4c Ts Ad] [Jh]
CichiChanMarian: checks 
sxmokane: bets $15.29
CichiChanMarian: calls $15.29
*** RIVER *** [4c Ts Ad Jh] [As]
CichiChanMarian: checks 
sxmokane: bets $30.13
CichiChanMarian: raises $158.74 to $188.87 and is all-in
sxmokane: calls $88.20 and is all-in
Uncalled bet ($70.54) returned to CichiChanMarian
*** SHOW DOWN ***
CichiChanMarian: shows [Ah 4h] (a full house, Aces full of Fours)
sxmokane: shows [Ks Ac] (three of a kind, Aces)
CichiChanMarian collected $296.92 from pot
*** SUMMARY ***
Total pot $299.42 | Rake $2.50 
Board [4c Ts Ad Jh As]
Seat 1: poker_soul11 folded before Flop (didn't bet)
Seat 2: mr.Jckpot folded before Flop (didn't bet)
Seat 3: sxmokane (button) showed [Ks Ac] and lost with three of a kind, Aces
Seat 4: Poker9803 (small blind) folded before Flop
Seat 5: Burlica2013 (big blind) folded before Flop
Seat 6: CichiChanMarian showed [Ah 4h] and won ($296.92) with a full house, Aces full of Fours



PokerStars Hand #254486015652:  Hold'em No Limit ($0.50/$1.00 USD) - 2025/01/21 17:19:35 WET [2025/01/21 12:19:35 ET]
Table 'Padua IV' 6-max Seat #4 is the button
Seat 3: sxmokane ($0 in chips) is sitting out
Seat 1: poker_soul11 ($273.96 in chips) 
Seat 2: mr.Jckpot ($132.14 in chips) 
Seat 4: Poker9803 ($109.68 in chips) 
Seat 5: Burlica2013 ($104 in chips) 
Seat 6: CichiChanMarian ($367.46 in chips) 
Burlica2013: posts small blind $0.50
CichiChanMarian: posts big blind $1
*** HOLE CARDS ***
poker_soul11: folds 
mr.Jckpot: raises $1.50 to $2.50
Poker9803: folds 
sxmokane leaves the table
Burlica2013: folds 
CichiChanMarian: calls $1.50
*** FLOP *** [9d Js As]
CichiChanMarian: checks 
mr.Jckpot: bets $1.72
CichiChanMarian: calls $1.72
*** TURN *** [9d Js As] [7d]
CichiChanMarian: checks 
mr.Jckpot: checks 
*** RIVER *** [9d Js As 7d] [7h]
CichiChanMarian: checks 
mr.Jckpot: checks 
*** SHOW DOWN ***
CichiChanMarian: shows [Ac 9h] (two pair, Aces and Nines)
mr.Jckpot: mucks hand 
CichiChanMarian collected $8.49 from pot
BoyLoc0 joins the table at seat #3 
*** SUMMARY ***
Total pot $8.94 | Rake $0.45 
Board [9d Js As 7d 7h]
Seat 3: sxmokane
Seat 1: poker_soul11 folded before Flop (didn't bet)
Seat 2: mr.Jckpot mucked
Seat 4: Poker9803 (button) folded before Flop (didn't bet)
Seat 5: Burlica2013 (small blind) folded before Flop
Seat 6: CichiChanMarian (big blind) showed [Ac 9h] and won ($8.49) with two pair, Aces and Nines



PokerStars Hand #254486025599:  Hold'em No Limit ($0.50/$1.00 USD) - 2025/01/21 17:20:16 WET [2025/01/21 12:20:16 ET]
Table 'Padua IV' 6-max Seat #5 is the button
Seat 3: BoyLoc0 ($100 in chips) is sitting out
Seat 1: poker_soul11 ($273.96 in chips) 
Seat 2: mr.Jckpot ($127.92 in chips) 
Seat 4: Poker9803 ($109.68 in chips) 
Seat 5: Burlica2013 ($103.50 in chips) 
Seat 6: CichiChanMarian ($371.73 in chips) 
CichiChanMarian: posts small blind $0.50
poker_soul11: posts big blind $1
*** HOLE CARDS ***
BoyLoc0 leaves the table
mr.Jckpot: folds 
Poker9803: raises $1.50 to $2.50
Burlica2013: folds 
CichiChanMarian: folds 
poker_soul11: folds 
Uncalled bet ($1.50) returned to Poker9803
Poker9803 collected $2.50 from pot
Poker9803: doesn't show hand 
*** SUMMARY ***
Total pot $2.50 | Rake $0 
Seat 3: BoyLoc0
Seat 1: poker_soul11 (big blind) folded before Flop
Seat 2: mr.Jckpot folded before Flop (didn't bet)
Seat 4: Poker9803 collected ($2.50)
Seat 5: Burlica2013 (button) folded before Flop (didn't bet)
Seat 6: CichiChanMarian (small blind) folded before Flop



PokerStars Hand #254486031159:  Hold'em No Limit ($0.50/$1.00 USD) - 2025/01/21 17:20:38 WET [2025/01/21 12:20:38 ET]
Table 'Padua IV' 6-max Seat #6 is the button
Seat 2: mr.Jckpot ($127.92 in chips) is sitting out
Seat 4: Poker9803 ($111.18 in chips) is sitting out
Seat 1: poker_soul11 ($272.96 in chips) 
Seat 5: Burlica2013 ($103.50 in chips) 
Seat 6: CichiChanMarian ($371.23 in chips) 
poker_soul11: posts small blind $0.50
mr.Jckpot: is sitting out 
Poker9803: is sitting out 
Burlica2013: posts big blind $1
*** HOLE CARDS ***
AlexEliseev7 joins the table at seat #3 
Poker9803 leaves the table
CichiChanMarian: raises $1.50 to $2.50
m1lkdud joins the table at seat #4 
mr.Jckpot leaves the table
m1lkdud is disconnected 
poker_soul11: folds 
Burlica2013: folds 
Uncalled bet ($1.50) returned to CichiChanMarian
CichiChanMarian collected $2.50 from pot
CichiChanMarian: doesn't show hand 
*** SUMMARY ***
Total pot $2.50 | Rake $0 
Seat 2: mr.Jckpot
Seat 4: Poker9803
Seat 1: poker_soul11 (small blind) folded before Flop
Seat 5: Burlica2013 (big blind) folded before Flop
Seat 6: CichiChanMarian (button) collected ($2.50)



PokerStars Hand #254486036756:  Hold'em No Limit ($0.50/$1.00 USD) - 2025/01/21 17:21:01 WET [2025/01/21 12:21:01 ET]
Table 'Padua IV' 6-max Seat #5 is the button
Seat 3: AlexEliseev7 ($100 in chips) is sitting out
Seat 4: m1lkdud ($100 in chips) is sitting out
Seat 6: CichiChanMarian ($372.73 in chips) is sitting out
Seat 1: poker_soul11 ($272.46 in chips) 
Seat 5: Burlica2013 ($102.50 in chips) 
Burlica2013: posts small blind $0.50
CichiChanMarian: is sitting out 
poker_soul11: posts big blind $1
*** HOLE CARDS ***
Burlica2013: folds 
Uncalled bet ($0.50) returned to poker_soul11
CichiChanMarian leaves the table
poker_soul11 collected $1 from pot
poker_soul11: doesn't show hand 
*** SUMMARY ***
Total pot $1 | Rake $0 
Seat 3: AlexEliseev7
Seat 4: m1lkdud
Seat 6: CichiChanMarian
Seat 1: poker_soul11 (big blind) collected ($1)
Seat 5: Burlica2013 (button) (small blind) folded before Flop



PokerStars Hand #254486038493:  Hold'em No Limit ($0.50/$1.00 USD) - 2025/01/21 17:21:08 WET [2025/01/21 12:21:08 ET]
Table 'Padua IV' 6-max Seat #5 is the button
Seat 4: m1lkdud ($100 in chips) is sitting out
Seat 1: poker_soul11 ($272.96 in chips) 
Seat 3: AlexEliseev7 ($100 in chips) 
Seat 5: Burlica2013 ($102 in chips) 
poker_soul11: posts small blind $0.50
AlexEliseev7: posts big blind $1
m1lkdud: sits out 
*** HOLE CARDS ***
Evelexy1 joins the table at seat #6 
Burlica2013: folds 
Burlica2013 leaves the table
poker_soul11: raises $2 to $3
AlexEliseev7: folds 
Uncalled bet ($2) returned to poker_soul11
poker_soul11 collected $2 from pot
poker_soul11: doesn't show hand 
*** SUMMARY ***
Total pot $2 | Rake $0 
Seat 4: m1lkdud
Seat 1: poker_soul11 (small blind) collected ($2)
Seat 3: AlexEliseev7 (big blind) folded before Flop
Seat 5: Burlica2013 (button) folded before Flop (didn't bet)



PokerStars Hand #254486044352:  Hold'em No Limit ($0.50/$1.00 USD) - 2025/01/21 17:21:31 WET [2025/01/21 12:21:31 ET]
Table 'Padua IV' 6-max Seat #1 is the button
Seat 6: Evelexy1 ($100 in chips) is sitting out
Seat 1: poker_soul11 ($273.96 in chips) 
Seat 3: AlexEliseev7 ($100 in chips) 
Seat 4: m1lkdud ($100 in chips) 
AlexEliseev7: posts small blind $0.50
m1lkdud: posts big blind $1
Evelexy1: sits out 
*** HOLE CARDS ***
poker_soul11: raises $1.20 to $2.20
AlexEliseev7: folds 
m1lkdud: folds 
Uncalled bet ($1.20) returned to poker_soul11
poker_soul11 collected $2.50 from pot
poker_soul11: doesn't show hand 
*** SUMMARY ***
Total pot $2.50 | Rake $0 
Seat 6: Evelexy1
Seat 1: poker_soul11 (button) collected ($2.50)
Seat 3: AlexEliseev7 (small blind) folded before Flop
Seat 4: m1lkdud (big blind) folded before Flop



PokerStars Hand #254486047190:  Hold'em No Limit ($0.50/$1.00 USD) - 2025/01/21 17:21:43 WET [2025/01/21 12:21:43 ET]
Table 'Padua IV' 6-max Seat #3 is the button
Seat 1: poker_soul11 ($275.46 in chips) 
Seat 3: AlexEliseev7 ($100 in chips) 
Seat 4: m1lkdud ($99 in chips) 
Seat 6: Evelexy1 ($100 in chips) 
m1lkdud: posts small blind $0.50
Evelexy1: posts big blind $1
*** HOLE CARDS ***
poker_soul11: raises $1.20 to $2.20
AlexEliseev7: folds 
m1lkdud: raises $7.40 to $9.60
Evelexy1: raises $11.90 to $21.50
poker_soul11: folds 
m1lkdud: raises $77.50 to $99 and is all-in
Evelexy1: folds 
Uncalled bet ($77.50) returned to m1lkdud
m1lkdud collected $45.20 from pot
*** SUMMARY ***
Total pot $45.20 | Rake $0 
Seat 1: poker_soul11 folded before Flop
Seat 3: AlexEliseev7 (button) folded before Flop (didn't bet)
Seat 4: m1lkdud (small blind) collected ($45.20)
Seat 6: Evelexy1 (big blind) folded before Flop



PokerStars Hand #254486052732:  Hold'em No Limit ($0.50/$1.00 USD) - 2025/01/21 17:22:05 WET [2025/01/21 12:22:05 ET]
Table 'Padua IV' 6-max Seat #4 is the button
Seat 1: poker_soul11 ($273.26 in chips) 
Seat 3: AlexEliseev7 ($100 in chips) 
Seat 4: m1lkdud ($122.70 in chips) 
Seat 6: Evelexy1 ($100 in chips) 
Evelexy1: posts small blind $0.50
poker_soul11: posts big blind $1
*** HOLE CARDS ***
AlexEliseev7: raises $1.50 to $2.50
m1lkdud: calls $2.50
Evelexy1: calls $2
poker_soul11: folds 
*** FLOP *** [6c Js 7h]
Evelexy1: checks 
AlexEliseev7: checks 
m1lkdud: bets $4.04
Evelexy1: folds 
AlexEliseev7: folds 
Uncalled bet ($4.04) returned to m1lkdud
m1lkdud collected $8.08 from pot
*** SUMMARY ***
Total pot $8.50 | Rake $0.42 
Board [6c Js 7h]
Seat 1: poker_soul11 (big blind) folded before Flop
Seat 3: AlexEliseev7 folded on the Flop
Seat 4: m1lkdud (button) collected ($8.08)
Seat 6: Evelexy1 (small blind) folded on the Flop



PokerStars Hand #254486061926:  Hold'em No Limit ($0.50/$1.00 USD) - 2025/01/21 17:22:42 WET [2025/01/21 12:22:42 ET]
Table 'Padua IV' 6-max Seat #6 is the button
Seat 1: poker_soul11 ($272.26 in chips) 
Seat 3: AlexEliseev7 ($100 in chips) 
Seat 4: m1lkdud ($128.28 in chips) 
Seat 6: Evelexy1 ($100 in chips) 
poker_soul11: posts small blind $0.50
AlexEliseev7: posts big blind $1
*** HOLE CARDS ***
m1lkdud: folds 
Evelexy1: raises $1.50 to $2.50
poker_soul11: folds 
AlexEliseev7: folds 
Uncalled bet ($1.50) returned to Evelexy1
Evelexy1 collected $2.50 from pot
Evelexy1: doesn't show hand 
*** SUMMARY ***
Total pot $2.50 | Rake $0 
Seat 1: poker_soul11 (small blind) folded before Flop
Seat 3: AlexEliseev7 (big blind) folded before Flop
Seat 4: m1lkdud folded before Flop (didn't bet)
Seat 6: Evelexy1 (button) collected ($2.50)



PokerStars Hand #254486064503:  Hold'em No Limit ($0.50/$1.00 USD) - 2025/01/21 17:22:52 WET [2025/01/21 12:22:52 ET]
Table 'Padua IV' 6-max Seat #1 is the button
Seat 1: poker_soul11 ($271.76 in chips) 
Seat 3: AlexEliseev7 ($100 in chips) 
Seat 4: m1lkdud ($128.28 in chips) 
Seat 6: Evelexy1 ($101.50 in chips) 
AlexEliseev7: posts small blind $0.50
m1lkdud: posts big blind $1
*** HOLE CARDS ***
Evelexy1: folds 
poker_soul11: raises $1.20 to $2.20
AlexEliseev7: folds 
m1lkdud: calls $1.20
*** FLOP *** [2d Tc Qh]
m1lkdud: checks 
poker_soul11: bets $1.54
m1lkdud: folds 
Uncalled bet ($1.54) returned to poker_soul11
poker_soul11 collected $4.66 from pot
poker_soul11: doesn't show hand 
*** SUMMARY ***
Total pot $4.90 | Rake $0.24 
Board [2d Tc Qh]
Seat 1: poker_soul11 (button) collected ($4.66)
Seat 3: AlexEliseev7 (small blind) folded before Flop
Seat 4: m1lkdud (big blind) folded on the Flop
Seat 6: Evelexy1 folded before Flop (didn't bet)



PokerStars Hand #254486071574:  Hold'em No Limit ($0.50/$1.00 USD) - 2025/01/21 17:23:20 WET [2025/01/21 12:23:20 ET]
Table 'Padua IV' 6-max Seat #3 is the button
Seat 1: poker_soul11 ($274.22 in chips) 
Seat 3: AlexEliseev7 ($100 in chips) 
Seat 4: m1lkdud ($126.08 in chips) 
Seat 6: Evelexy1 ($101.50 in chips) 
m1lkdud: posts small blind $0.50
Evelexy1: posts big blind $1
*** HOLE CARDS ***
poker_soul11: raises $1.20 to $2.20
AlexEliseev7: folds 
m1lkdud: calls $1.70
Evelexy1: calls $1.20
*** FLOP *** [Ah 7h Ac]
m1lkdud: checks 
Evelexy1: checks 
poker_soul11: bets $2.07
m1lkdud: folds 
Evelexy1: calls $2.07
*** TURN *** [Ah 7h Ac] [9h]
Evelexy1: checks 
AlexEliseev7 leaves the table
poker_soul11: bets $5.10
Cositorto joins the table at seat #5 
Evelexy1: calls $5.10
*** RIVER *** [Ah 7h Ac 9h] [8d]
Evelexy1: checks 
poker_soul11: bets $9.97
Evelexy1: calls $9.97
*** SHOW DOWN ***
poker_soul11: shows [Qh 8h] (a flush, Ace high)
Evelexy1: mucks hand 
poker_soul11 collected $39.88 from pot
*** SUMMARY ***
Total pot $40.88 | Rake $1 
Board [Ah 7h Ac 9h 8d]
Seat 1: poker_soul11 showed [Qh 8h] and won ($39.88) with a flush, Ace high
Seat 3: AlexEliseev7 (button) folded before Flop (didn't bet)
Seat 4: m1lkdud (small blind) folded on the Flop
Seat 6: Evelexy1 (big blind) mucked



PokerStars Hand #254486082279:  Hold'em No Limit ($0.50/$1.00 USD) - 2025/01/21 17:24:02 WET [2025/01/21 12:24:02 ET]
Table 'Padua IV' 6-max Seat #4 is the button
Seat 5: Cositorto ($100 in chips) is sitting out
Seat 1: poker_soul11 ($294.76 in chips) 
Seat 4: m1lkdud ($123.88 in chips) 
Seat 6: Evelexy1 ($100 in chips) 
Evelexy1: posts small blind $0.50
MaRKiToScoK joins the table at seat #2 
poker_soul11: posts big blind $1
*** HOLE CARDS ***
m1lkdud: raises $2.50 to $3.50
Evelexy1: folds 
poker_soul11: folds 
Uncalled bet ($2.50) returned to m1lkdud
m1lkdud collected $2.50 from pot
*** SUMMARY ***
Total pot $2.50 | Rake $0 
Seat 5: Cositorto
Seat 1: poker_soul11 (big blind) folded before Flop
Seat 4: m1lkdud (button) collected ($2.50)
Seat 6: Evelexy1 (small blind) folded before Flop



PokerStars Hand #254486085257:  Hold'em No Limit ($0.50/$1.00 USD) - 2025/01/21 17:24:14 WET [2025/01/21 12:24:14 ET]
Table 'Padua IV' 6-max Seat #6 is the button
Seat 5: Cositorto ($100 in chips) is sitting out
Seat 1: poker_soul11 ($293.76 in chips) 
Seat 2: MaRKiToScoK ($100 in chips) 
Seat 4: m1lkdud ($125.38 in chips) 
Seat 6: Evelexy1 ($100 in chips) 
poker_soul11: posts small blind $0.50
MaRKiToScoK: posts big blind $1
Cositorto: sits out 
*** HOLE CARDS ***
m1lkdud: folds 
Evelexy1: raises $1.50 to $2.50
poker_soul11: folds 
MaRKiToScoK: folds 
Uncalled bet ($1.50) returned to Evelexy1
Evelexy1 collected $2.50 from pot
Evelexy1: doesn't show hand 
*** SUMMARY ***
Total pot $2.50 | Rake $0 
Seat 5: Cositorto
Seat 1: poker_soul11 (small blind) folded before Flop
Seat 2: MaRKiToScoK (big blind) folded before Flop
Seat 4: m1lkdud folded before Flop (didn't bet)
Seat 6: Evelexy1 (button) collected ($2.50)



PokerStars Hand #254486089124:  Hold'em No Limit ($0.50/$1.00 USD) - 2025/01/21 17:24:29 WET [2025/01/21 12:24:29 ET]
Table 'Padua IV' 6-max Seat #1 is the button
Seat 5: Cositorto ($100 in chips) is sitting out
Seat 1: poker_soul11 ($293.26 in chips) 
Seat 2: MaRKiToScoK ($100 in chips) 
Seat 4: m1lkdud ($125.38 in chips) 
Seat 6: Evelexy1 ($101.50 in chips) 
MaRKiToScoK: posts small blind $0.50
m1lkdud: posts big blind $1
Cositorto: sits out 
*** HOLE CARDS ***
Evelexy1: raises $1.50 to $2.50
poker_soul11: folds 
IREQO joins the table at seat #3 
MaRKiToScoK: calls $2
m1lkdud: folds 
*** FLOP *** [9h 3d Jh]
MaRKiToScoK: checks 
Evelexy1: bets $1.90
MaRKiToScoK: calls $1.90
*** TURN *** [9h 3d Jh] [3c]
MaRKiToScoK: checks 
Evelexy1: checks 
*** RIVER *** [9h 3d Jh 3c] [Kc]
MaRKiToScoK: checks 
Evelexy1: checks 
*** SHOW DOWN ***
MaRKiToScoK: shows [8h 8s] (two pair, Eights and Threes)
Evelexy1: mucks hand 
MaRKiToScoK collected $9.31 from pot
*** SUMMARY ***
Total pot $9.80 | Rake $0.49 
Board [9h 3d Jh 3c Kc]
Seat 5: Cositorto
Seat 1: poker_soul11 (button) folded before Flop (didn't bet)
Seat 2: MaRKiToScoK (small blind) showed [8h 8s] and won ($9.31) with two pair, Eights and Threes
Seat 4: m1lkdud (big blind) folded before Flop
Seat 6: Evelexy1 mucked



PokerStars Hand #254486101121:  Hold'em No Limit ($0.50/$1.00 USD) - 2025/01/21 17:25:17 WET [2025/01/21 12:25:17 ET]
Table 'Padua IV' 6-max Seat #2 is the button
Seat 3: IREQO ($100 in chips) is sitting out
Seat 1: poker_soul11 ($293.26 in chips) 
Seat 2: MaRKiToScoK ($104.91 in chips) 
Seat 4: m1lkdud ($124.38 in chips) 
Seat 5: Cositorto ($100 in chips) 
Seat 6: Evelexy1 ($100 in chips) 
m1lkdud: posts small blind $0.50
Cositorto: posts big blind $1
*** HOLE CARDS ***
Evelexy1: raises $1 to $2
poker_soul11: folds 
MaRKiToScoK: calls $2
m1lkdud: folds 
Cositorto: folds 
*** FLOP *** [5d As Qs]
Evelexy1: bets $3.45
MaRKiToScoK: folds 
Uncalled bet ($3.45) returned to Evelexy1
Evelexy1 collected $5.22 from pot
Evelexy1: doesn't show hand 
*** SUMMARY ***
Total pot $5.50 | Rake $0.28 
Board [5d As Qs]
Seat 3: IREQO
Seat 1: poker_soul11 folded before Flop (didn't bet)
Seat 2: MaRKiToScoK (button) folded on the Flop
Seat 4: m1lkdud (small blind) folded before Flop
Seat 5: Cositorto (big blind) folded before Flop
Seat 6: Evelexy1 collected ($5.22)



PokerStars Hand #254486107850:  Hold'em No Limit ($0.50/$1.00 USD) - 2025/01/21 17:25:43 WET [2025/01/21 12:25:43 ET]
Table 'Padua IV' 6-max Seat #4 is the button
Seat 3: IREQO ($100 in chips) is sitting out
Seat 1: poker_soul11 ($293.26 in chips) 
Seat 2: MaRKiToScoK ($102.91 in chips) 
Seat 4: m1lkdud ($123.88 in chips) 
Seat 5: Cositorto ($100 in chips) 
Seat 6: Evelexy1 ($103.22 in chips) 
Cositorto: posts small blind $0.50
Evelexy1: posts big blind $1
IREQO: sits out 
*** HOLE CARDS ***
poker_soul11: folds 
MaRKiToScoK: folds 
m1lkdud: raises $2.50 to $3.50
Cositorto: folds 
Evelexy1: raises $10 to $13.50
m1lkdud: calls $10
*** FLOP *** [Ad 8c 4h]
Evelexy1: bets $8.71
m1lkdud: calls $8.71
*** TURN *** [Ad 8c 4h] [Qd]
Evelexy1: bets $21.34
m1lkdud: raises $80.33 to $101.67 and is all-in
Evelexy1: folds 
Uncalled bet ($80.33) returned to m1lkdud
m1lkdud collected $85.10 from pot
*** SUMMARY ***
Total pot $87.60 | Rake $2.50 
Board [Ad 8c 4h Qd]
Seat 3: IREQO
Seat 1: poker_soul11 folded before Flop (didn't bet)
Seat 2: MaRKiToScoK folded before Flop (didn't bet)
Seat 4: m1lkdud (button) collected ($85.10)
Seat 5: Cositorto (small blind) folded before Flop
Seat 6: Evelexy1 (big blind) folded on the Turn



PokerStars Hand #254486117812:  Hold'em No Limit ($0.50/$1.00 USD) - 2025/01/21 17:26:22 WET [2025/01/21 12:26:22 ET]
Table 'Padua IV' 6-max Seat #5 is the button
Seat 3: IREQO ($100 in chips) is sitting out
Seat 1: poker_soul11 ($293.26 in chips) 
Seat 2: MaRKiToScoK ($102.91 in chips) 
Seat 4: m1lkdud ($165.43 in chips) 
Seat 5: Cositorto ($100 in chips) 
Seat 6: Evelexy1 ($100 in chips) 
Evelexy1: posts small blind $0.50
poker_soul11: posts big blind $1
IREQO: sits out 
*** HOLE CARDS ***
MaRKiToScoK: folds 
m1lkdud: folds 
Cositorto: raises $1.50 to $2.50
Evelexy1: raises $9.45 to $11.95
poker_soul11: folds 
Cositorto: calls $9.45
*** FLOP *** [9d 3c 2s]
Evelexy1: bets $17.75
Cositorto: folds 
Uncalled bet ($17.75) returned to Evelexy1
Evelexy1 collected $23.66 from pot
Evelexy1: doesn't show hand 
*** SUMMARY ***
Total pot $24.90 | Rake $1.24 
Board [9d 3c 2s]
Seat 3: IREQO
Seat 1: poker_soul11 (big blind) folded before Flop
Seat 2: MaRKiToScoK folded before Flop (didn't bet)
Seat 4: m1lkdud folded before Flop (didn't bet)
Seat 5: Cositorto (button) folded on the Flop
Seat 6: Evelexy1 (small blind) collected ($23.66)



PokerStars Hand #254486128348:  Hold'em No Limit ($0.50/$1.00 USD) - 2025/01/21 17:27:03 WET [2025/01/21 12:27:03 ET]
Table 'Padua IV' 6-max Seat #6 is the button
Seat 3: IREQO ($100 in chips) is sitting out
Seat 1: poker_soul11 ($292.26 in chips) 
Seat 2: MaRKiToScoK ($102.91 in chips) 
Seat 4: m1lkdud ($165.43 in chips) 
Seat 5: Cositorto ($100 in chips) 
Seat 6: Evelexy1 ($111.71 in chips) 
poker_soul11: posts small blind $0.50
MaRKiToScoK: posts big blind $1
IREQO: sits out 
*** HOLE CARDS ***
m1lkdud: folds 
Cositorto: folds 
Evelexy1: raises $1.50 to $2.50
poker_soul11: folds 
MaRKiToScoK: calls $1.50
*** FLOP *** [Kh As 7c]
MaRKiToScoK: checks 
Evelexy1: bets $1.74
MaRKiToScoK: calls $1.74
*** TURN *** [Kh As 7c] [Qs]
MaRKiToScoK: checks 
Evelexy1: checks 
*** RIVER *** [Kh As 7c Qs] [Ks]
MaRKiToScoK: checks 
Evelexy1: checks 
*** SHOW DOWN ***
MaRKiToScoK: shows [2h Ah] (two pair, Aces and Kings)
Evelexy1: mucks hand 
MaRKiToScoK collected $8.53 from pot
*** SUMMARY ***
Total pot $8.98 | Rake $0.45 
Board [Kh As 7c Qs Ks]
Seat 3: IREQO
Seat 1: poker_soul11 (small blind) folded before Flop
Seat 2: MaRKiToScoK (big blind) showed [2h Ah] and won ($8.53) with two pair, Aces and Kings
Seat 4: m1lkdud folded before Flop (didn't bet)
Seat 5: Cositorto folded before Flop (didn't bet)
Seat 6: Evelexy1 (button) mucked



PokerStars Hand #254486190232:  Hold'em No Limit ($0.50/$1.00 USD) - 2025/01/21 17:31:01 WET [2025/01/21 12:31:01 ET]
Table 'Padua IV' 6-max Seat #3 is the button
Seat 6: Evelexy1 ($107.47 in chips) is sitting out
Seat 1: poker_soul11 ($309.10 in chips) 
Seat 2: MaRKiToScoK ($100 in chips) 
Seat 3: IREQO ($100 in chips) 
Seat 4: m1lkdud ($170.70 in chips) 
Seat 5: Cositorto ($100 in chips) 
m1lkdud: posts small blind $0.50
Cositorto: posts big blind $1
*** HOLE CARDS ***
poker_soul11: folds 
MaRKiToScoK: raises $1.25 to $2.25
IREQO: folds 
m1lkdud: calls $1.75
Cositorto: folds 
*** FLOP *** [4c 6d 7d]
m1lkdud: checks 
MaRKiToScoK: bets $3.92
m1lkdud: calls $3.92
*** TURN *** [4c 6d 7d] [2d]
m1lkdud: checks 
MaRKiToScoK: bets $3.50
m1lkdud: raises $9.84 to $13.34
MaRKiToScoK: folds 
Uncalled bet ($9.84) returned to m1lkdud
m1lkdud collected $19.32 from pot
*** SUMMARY ***
Total pot $20.34 | Rake $1.02 
Board [4c 6d 7d 2d]
Seat 6: Evelexy1
Seat 1: poker_soul11 folded before Flop (didn't bet)
Seat 2: MaRKiToScoK folded on the Turn
Seat 3: IREQO (button) folded before Flop (didn't bet)
Seat 4: m1lkdud (small blind) collected ($19.32)
Seat 5: Cositorto (big blind) folded before Flop



PokerStars Hand #254486206155:  Hold'em No Limit ($0.50/$1.00 USD) - 2025/01/21 17:32:02 WET [2025/01/21 12:32:02 ET]
Table 'Padua IV' 6-max Seat #4 is the button
Seat 1: poker_soul11 ($309.10 in chips) 
Seat 2: MaRKiToScoK ($100 in chips) 
Seat 3: IREQO ($100 in chips) 
Seat 4: m1lkdud ($180.35 in chips) 
Seat 5: Cositorto ($100 in chips) 
Seat 6: Evelexy1 ($107.47 in chips) 
Cositorto: posts small blind $0.50
Evelexy1: posts big blind $1
*** HOLE CARDS ***
poker_soul11: folds 
MaRKiToScoK: folds 
IREQO: folds 
m1lkdud: folds 
Cositorto: raises $2 to $3
Evelexy1: folds 
Uncalled bet ($2) returned to Cositorto
Cositorto collected $2 from pot
Cositorto: doesn't show hand 
*** SUMMARY ***
Total pot $2 | Rake $0 
Seat 1: poker_soul11 folded before Flop (didn't bet)
Seat 2: MaRKiToScoK folded before Flop (didn't bet)
Seat 3: IREQO folded before Flop (didn't bet)
Seat 4: m1lkdud (button) folded before Flop (didn't bet)
Seat 5: Cositorto (small blind) collected ($2)
Seat 6: Evelexy1 (big blind) folded before Flop



PokerStars Hand #254486210386:  Hold'em No Limit ($0.50/$1.00 USD) - 2025/01/21 17:32:18 WET [2025/01/21 12:32:18 ET]
Table 'Padua IV' 6-max Seat #5 is the button
Seat 1: poker_soul11 ($309.10 in chips) 
Seat 2: MaRKiToScoK ($100 in chips) 
Seat 3: IREQO ($100 in chips) 
Seat 4: m1lkdud ($180.35 in chips) 
Seat 5: Cositorto ($101 in chips) 
Seat 6: Evelexy1 ($106.47 in chips) 
Evelexy1: posts small blind $0.50
poker_soul11: posts big blind $1
*** HOLE CARDS ***
MaRKiToScoK: folds 
IREQO: folds 
m1lkdud: folds 
Cositorto: folds 
Evelexy1: folds 
Uncalled bet ($0.50) returned to poker_soul11
poker_soul11 collected $1 from pot
poker_soul11: doesn't show hand 
*** SUMMARY ***
Total pot $1 | Rake $0 
Seat 1: poker_soul11 (big blind) collected ($1)
Seat 2: MaRKiToScoK folded before Flop (didn't bet)
Seat 3: IREQO folded before Flop (didn't bet)
Seat 4: m1lkdud folded before Flop (didn't bet)
Seat 5: Cositorto (button) folded before Flop (didn't bet)
Seat 6: Evelexy1 (small blind) folded before Flop



PokerStars Hand #254486214761:  Hold'em No Limit ($0.50/$1.00 USD) - 2025/01/21 17:32:35 WET [2025/01/21 12:32:35 ET]
Table 'Padua IV' 6-max Seat #6 is the button
Seat 1: poker_soul11 ($309.60 in chips) 
Seat 2: MaRKiToScoK ($100 in chips) 
Seat 3: IREQO ($100 in chips) 
Seat 4: m1lkdud ($180.35 in chips) 
Seat 5: Cositorto ($101 in chips) 
Seat 6: Evelexy1 ($105.97 in chips) 
poker_soul11: posts small blind $0.50
MaRKiToScoK: posts big blind $1
*** HOLE CARDS ***
IREQO: raises $1.50 to $2.50
m1lkdud: folds 
Cositorto: folds 
Evelexy1: folds 
poker_soul11: folds 
MaRKiToScoK: calls $1.50
*** FLOP *** [5h Jd Qs]
MaRKiToScoK: checks 
IREQO: bets $2.61
MaRKiToScoK: folds 
Uncalled bet ($2.61) returned to IREQO
IREQO collected $5.22 from pot
IREQO: doesn't show hand 
*** SUMMARY ***
Total pot $5.50 | Rake $0.28 
Board [5h Jd Qs]
Seat 1: poker_soul11 (small blind) folded before Flop
Seat 2: MaRKiToScoK (big blind) folded on the Flop
Seat 3: IREQO collected ($5.22)
Seat 4: m1lkdud folded before Flop (didn't bet)
Seat 5: Cositorto folded before Flop (didn't bet)
Seat 6: Evelexy1 (button) folded before Flop (didn't bet)



PokerStars Hand #254486226059:  Hold'em No Limit ($0.50/$1.00 USD) - 2025/01/21 17:33:17 WET [2025/01/21 12:33:17 ET]
Table 'Padua IV' 6-max Seat #1 is the button
Seat 1: poker_soul11 ($309.10 in chips) 
Seat 2: MaRKiToScoK ($100 in chips) 
Seat 3: IREQO ($102.72 in chips) 
Seat 4: m1lkdud ($180.35 in chips) 
Seat 5: Cositorto ($101 in chips) 
Seat 6: Evelexy1 ($105.97 in chips) 
MaRKiToScoK: posts small blind $0.50
IREQO: posts big blind $1
*** HOLE CARDS ***
m1lkdud: folds 
Cositorto: folds 
Evelexy1: raises $1.50 to $2.50
poker_soul11: folds 
MaRKiToScoK: folds 
IREQO: folds 
Uncalled bet ($1.50) returned to Evelexy1
Evelexy1 collected $2.50 from pot
Evelexy1: doesn't show hand 
*** SUMMARY ***
Total pot $2.50 | Rake $0 
Seat 1: poker_soul11 (button) folded before Flop (didn't bet)
Seat 2: MaRKiToScoK (small blind) folded before Flop
Seat 3: IREQO (big blind) folded before Flop
Seat 4: m1lkdud folded before Flop (didn't bet)
Seat 5: Cositorto folded before Flop (didn't bet)
Seat 6: Evelexy1 collected ($2.50)



PokerStars Hand #254486230808:  Hold'em No Limit ($0.50/$1.00 USD) - 2025/01/21 17:33:36 WET [2025/01/21 12:33:36 ET]
Table 'Padua IV' 6-max Seat #2 is the button
Seat 1: poker_soul11 ($309.10 in chips) 
Seat 2: MaRKiToScoK ($100 in chips) 
Seat 3: IREQO ($101.72 in chips) 
Seat 4: m1lkdud ($180.35 in chips) 
Seat 5: Cositorto ($101 in chips) 
Seat 6: Evelexy1 ($107.47 in chips) 
IREQO: posts small blind $0.50
m1lkdud: posts big blind $1
*** HOLE CARDS ***
Cositorto: folds 
Evelexy1: folds 
poker_soul11: raises $1.20 to $2.20
MaRKiToScoK: folds 
IREQO: folds 
m1lkdud: calls $1.20
*** FLOP *** [4h Ac 6h]
m1lkdud: checks 
poker_soul11: bets $1.54
m1lkdud: folds 
Uncalled bet ($1.54) returned to poker_soul11
poker_soul11 collected $4.66 from pot
poker_soul11: doesn't show hand 
*** SUMMARY ***
Total pot $4.90 | Rake $0.24 
Board [4h Ac 6h]
Seat 1: poker_soul11 collected ($4.66)
Seat 2: MaRKiToScoK (button) folded before Flop (didn't bet)
Seat 3: IREQO (small blind) folded before Flop
Seat 4: m1lkdud (big blind) folded on the Flop
Seat 5: Cositorto folded before Flop (didn't bet)
Seat 6: Evelexy1 folded before Flop (didn't bet)



PokerStars Hand #254486241479:  Hold'em No Limit ($0.50/$1.00 USD) - 2025/01/21 17:34:16 WET [2025/01/21 12:34:16 ET]
Table 'Padua IV' 6-max Seat #3 is the button
Seat 1: poker_soul11 ($311.56 in chips) 
Seat 2: MaRKiToScoK ($100 in chips) 
Seat 3: IREQO ($101.22 in chips) 
Seat 4: m1lkdud ($178.15 in chips) 
Seat 5: Cositorto ($101 in chips) 
Seat 6: Evelexy1 ($107.47 in chips) 
m1lkdud: posts small blind $0.50
Cositorto: posts big blind $1
*** HOLE CARDS ***
Evelexy1: raises $1 to $2
poker_soul11: folds 
MaRKiToScoK: raises $4.50 to $6.50
IREQO: folds 
m1lkdud: folds 
Cositorto: folds 
Evelexy1: folds 
Uncalled bet ($4.50) returned to MaRKiToScoK
MaRKiToScoK collected $5.50 from pot
*** SUMMARY ***
Total pot $5.50 | Rake $0 
Seat 1: poker_soul11 folded before Flop (didn't bet)
Seat 2: MaRKiToScoK collected ($5.50)
Seat 3: IREQO (button) folded before Flop (didn't bet)
Seat 4: m1lkdud (small blind) folded before Flop
Seat 5: Cositorto (big blind) folded before Flop
Seat 6: Evelexy1 folded before Flop



PokerStars Hand #254486246780:  Hold'em No Limit ($0.50/$1.00 USD) - 2025/01/21 17:34:36 WET [2025/01/21 12:34:36 ET]
Table 'Padua IV' 6-max Seat #4 is the button
Seat 1: poker_soul11 ($311.56 in chips) 
Seat 2: MaRKiToScoK ($103.50 in chips) 
Seat 3: IREQO ($101.22 in chips) 
Seat 4: m1lkdud ($177.65 in chips) 
Seat 5: Cositorto ($100 in chips) 
Seat 6: Evelexy1 ($105.47 in chips) 
Cositorto: posts small blind $0.50
Evelexy1: posts big blind $1
*** HOLE CARDS ***
poker_soul11: folds 
MaRKiToScoK: folds 
IREQO: raises $1.50 to $2.50
m1lkdud: folds 
Cositorto: folds 
Evelexy1: calls $1.50
*** FLOP *** [Qd Qc 6h]
Evelexy1: checks 
IREQO: bets $1.72
Evelexy1: folds 
Uncalled bet ($1.72) returned to IREQO
IREQO collected $5.22 from pot
IREQO: doesn't show hand 
*** SUMMARY ***
Total pot $5.50 | Rake $0.28 
Board [Qd Qc 6h]
Seat 1: poker_soul11 folded before Flop (didn't bet)
Seat 2: MaRKiToScoK folded before Flop (didn't bet)
Seat 3: IREQO collected ($5.22)
Seat 4: m1lkdud (button) folded before Flop (didn't bet)
Seat 5: Cositorto (small blind) folded before Flop
Seat 6: Evelexy1 (big blind) folded on the Flop



PokerStars Hand #254486256743:  Hold'em No Limit ($0.50/$1.00 USD) - 2025/01/21 17:35:14 WET [2025/01/21 12:35:14 ET]
Table 'Padua IV' 6-max Seat #5 is the button
Seat 1: poker_soul11 ($311.56 in chips) 
Seat 2: MaRKiToScoK ($103.50 in chips) 
Seat 3: IREQO ($103.94 in chips) 
Seat 4: m1lkdud ($177.65 in chips) 
Seat 5: Cositorto ($100 in chips) 
Seat 6: Evelexy1 ($102.97 in chips) 
Evelexy1: posts small blind $0.50
poker_soul11: posts big blind $1
*** HOLE CARDS ***
MaRKiToScoK: folds 
IREQO: folds 
m1lkdud: folds 
Cositorto: folds 
Evelexy1: folds 
Uncalled bet ($0.50) returned to poker_soul11
poker_soul11 collected $1 from pot
poker_soul11: doesn't show hand 
*** SUMMARY ***
Total pot $1 | Rake $0 
Seat 1: poker_soul11 (big blind) collected ($1)
Seat 2: MaRKiToScoK folded before Flop (didn't bet)
Seat 3: IREQO folded before Flop (didn't bet)
Seat 4: m1lkdud folded before Flop (didn't bet)
Seat 5: Cositorto (button) folded before Flop (didn't bet)
Seat 6: Evelexy1 (small blind) folded before Flop



PokerStars Hand #254486259917:  Hold'em No Limit ($0.50/$1.00 USD) - 2025/01/21 17:35:26 WET [2025/01/21 12:35:26 ET]
Table 'Padua IV' 6-max Seat #6 is the button
Seat 1: poker_soul11 ($312.06 in chips) 
Seat 2: MaRKiToScoK ($103.50 in chips) 
Seat 3: IREQO ($103.94 in chips) 
Seat 4: m1lkdud ($177.65 in chips) 
Seat 5: Cositorto ($100 in chips) 
Seat 6: Evelexy1 ($102.47 in chips) 
poker_soul11: posts small blind $0.50
MaRKiToScoK: posts big blind $1
*** HOLE CARDS ***
IREQO: folds 
m1lkdud: raises $2.50 to $3.50
Cositorto: folds 
Evelexy1: raises $6 to $9.50
poker_soul11: folds 
MaRKiToScoK: folds 
m1lkdud: calls $6
*** FLOP *** [3s 8c 3c]
m1lkdud: checks 
Evelexy1: bets $6.49
m1lkdud: raises $161.66 to $168.15 and is all-in
Evelexy1: folds 
Uncalled bet ($161.66) returned to m1lkdud
m1lkdud collected $31.81 from pot
*** SUMMARY ***
Total pot $33.48 | Rake $1.67 
Board [3s 8c 3c]
Seat 1: poker_soul11 (small blind) folded before Flop
Seat 2: MaRKiToScoK (big blind) folded before Flop
Seat 3: IREQO folded before Flop (didn't bet)
Seat 4: m1lkdud collected ($31.81)
Seat 5: Cositorto folded before Flop (didn't bet)
Seat 6: Evelexy1 (button) folded on the Flop



PokerStars Hand #254486268347:  Hold'em No Limit ($0.50/$1.00 USD) - 2025/01/21 17:35:58 WET [2025/01/21 12:35:58 ET]
Table 'Padua IV' 6-max Seat #1 is the button
Seat 1: poker_soul11 ($311.56 in chips) 
Seat 2: MaRKiToScoK ($102.50 in chips) 
Seat 3: IREQO ($103.94 in chips) 
Seat 4: m1lkdud ($193.47 in chips) 
Seat 5: Cositorto ($100 in chips) 
Seat 6: Evelexy1 ($100 in chips) 
MaRKiToScoK: posts small blind $0.50
IREQO: posts big blind $1
*** HOLE CARDS ***
m1lkdud: folds 
Cositorto: folds 
Evelexy1: folds 
poker_soul11: raises $1.20 to $2.20
MaRKiToScoK: raises $8.80 to $11
IREQO: folds 
poker_soul11: calls $8.80
*** FLOP *** [As 3d 3c]
MaRKiToScoK: bets $3.50
poker_soul11: calls $3.50
*** TURN *** [As 3d 3c] [6s]
MaRKiToScoK: bets $14.25
poker_soul11: calls $14.25
*** RIVER *** [As 3d 3c 6s] [6c]
MaRKiToScoK: bets $73.75 and is all-in
poker_soul11: folds 
Uncalled bet ($73.75) returned to MaRKiToScoK
MaRKiToScoK collected $56 from pot
*** SUMMARY ***
Total pot $58.50 | Rake $2.50 
Board [As 3d 3c 6s 6c]
Seat 1: poker_soul11 (button) folded on the River
Seat 2: MaRKiToScoK (small blind) collected ($56)
Seat 3: IREQO (big blind) folded before Flop
Seat 4: m1lkdud folded before Flop (didn't bet)
Seat 5: Cositorto folded before Flop (didn't bet)
Seat 6: Evelexy1 folded before Flop (didn't bet)



PokerStars Hand #254486285066:  Hold'em No Limit ($0.50/$1.00 USD) - 2025/01/21 17:37:01 WET [2025/01/21 12:37:01 ET]
Table 'Padua IV' 6-max Seat #2 is the button
Seat 1: poker_soul11 ($282.81 in chips) 
Seat 2: MaRKiToScoK ($129.75 in chips) 
Seat 3: IREQO ($102.94 in chips) 
Seat 4: m1lkdud ($193.47 in chips) 
Seat 5: Cositorto ($100 in chips) 
Seat 6: Evelexy1 ($100 in chips) 
IREQO: posts small blind $0.50
m1lkdud: posts big blind $1
*** HOLE CARDS ***
Cositorto: raises $1 to $2
Evelexy1: folds 
poker_soul11: folds 
MaRKiToScoK: folds 
IREQO: calls $1.50
m1lkdud: calls $1
*** FLOP *** [Qs 6c 4s]
IREQO: bets $1.88
m1lkdud: calls $1.88
Cositorto: calls $1.88
*** TURN *** [Qs 6c 4s] [2h]
IREQO: checks 
m1lkdud: bets $11.06
Cositorto: folds 
IREQO: folds 
Uncalled bet ($11.06) returned to m1lkdud
m1lkdud collected $11.06 from pot
*** SUMMARY ***
Total pot $11.64 | Rake $0.58 
Board [Qs 6c 4s 2h]
Seat 1: poker_soul11 folded before Flop (didn't bet)
Seat 2: MaRKiToScoK (button) folded before Flop (didn't bet)
Seat 3: IREQO (small blind) folded on the Turn
Seat 4: m1lkdud (big blind) collected ($11.06)
Seat 5: Cositorto folded on the Turn
Seat 6: Evelexy1 folded before Flop (didn't bet)



PokerStars Hand #254486306686:  Hold'em No Limit ($0.50/$1.00 USD) - 2025/01/21 17:38:23 WET [2025/01/21 12:38:23 ET]
Table 'Padua IV' 6-max Seat #3 is the button
Seat 1: poker_soul11 ($282.81 in chips) 
Seat 2: MaRKiToScoK ($129.75 in chips) 
Seat 3: IREQO ($100 in chips) 
Seat 4: m1lkdud ($200.65 in chips) 
Seat 5: Cositorto ($100 in chips) 
Seat 6: Evelexy1 ($100 in chips) 
m1lkdud: posts small blind $0.50
Cositorto: posts big blind $1
*** HOLE CARDS ***
Evelexy1: folds 
poker_soul11: folds 
MaRKiToScoK: folds 
IREQO: folds 
m1lkdud: folds 
Uncalled bet ($0.50) returned to Cositorto
Cositorto collected $1 from pot
Cositorto: doesn't show hand 
*** SUMMARY ***
Total pot $1 | Rake $0 
Seat 1: poker_soul11 folded before Flop (didn't bet)
Seat 2: MaRKiToScoK folded before Flop (didn't bet)
Seat 3: IREQO (button) folded before Flop (didn't bet)
Seat 4: m1lkdud (small blind) folded before Flop
Seat 5: Cositorto (big blind) collected ($1)
Seat 6: Evelexy1 folded before Flop (didn't bet)



PokerStars Hand #254486310326:  Hold'em No Limit ($0.50/$1.00 USD) - 2025/01/21 17:38:36 WET [2025/01/21 12:38:36 ET]
Table 'Padua IV' 6-max Seat #4 is the button
Seat 1: poker_soul11 ($282.81 in chips) 
Seat 2: MaRKiToScoK ($129.75 in chips) 
Seat 3: IREQO ($100 in chips) 
Seat 4: m1lkdud ($200.15 in chips) 
Seat 5: Cositorto ($100.50 in chips) 
Seat 6: Evelexy1 ($100 in chips) 
Cositorto: posts small blind $0.50
Evelexy1: posts big blind $1
*** HOLE CARDS ***
poker_soul11: folds 
MaRKiToScoK: raises $1 to $2
IREQO: folds 
m1lkdud: folds 
Cositorto: raises $7 to $9
Evelexy1: folds 
MaRKiToScoK: raises $13.50 to $22.50
Cositorto: calls $13.50
*** FLOP *** [Qd 7d 8h]
Cositorto: checks 
MaRKiToScoK: bets $14.42
Cositorto: calls $14.42
*** TURN *** [Qd 7d 8h] [5s]
Cositorto: checks 
MaRKiToScoK: bets $23.87
Cositorto: folds 
Uncalled bet ($23.87) returned to MaRKiToScoK
MaRKiToScoK collected $72.34 from pot
*** SUMMARY ***
Total pot $74.84 | Rake $2.50 
Board [Qd 7d 8h 5s]
Seat 1: poker_soul11 folded before Flop (didn't bet)
Seat 2: MaRKiToScoK collected ($72.34)
Seat 3: IREQO folded before Flop (didn't bet)
Seat 4: m1lkdud (button) folded before Flop (didn't bet)
Seat 5: Cositorto (small blind) folded on the Turn
Seat 6: Evelexy1 (big blind) folded before Flop



PokerStars Hand #254486333989:  Hold'em No Limit ($0.50/$1.00 USD) - 2025/01/21 17:40:05 WET [2025/01/21 12:40:05 ET]
Table 'Padua IV' 6-max Seat #5 is the button
Seat 1: poker_soul11 ($282.81 in chips) 
Seat 2: MaRKiToScoK ($165.17 in chips) 
Seat 3: IREQO ($100 in chips) 
Seat 4: m1lkdud ($200.15 in chips) 
Seat 5: Cositorto ($100 in chips) 
Seat 6: Evelexy1 ($100 in chips) 
Evelexy1: posts small blind $0.50
poker_soul11: posts big blind $1
*** HOLE CARDS ***
MaRKiToScoK: folds 
IREQO: folds 
m1lkdud: folds 
Cositorto: folds 
Evelexy1: raises $1.50 to $2.50
poker_soul11: raises $7 to $9.50
Evelexy1: folds 
Uncalled bet ($7) returned to poker_soul11
poker_soul11 collected $5 from pot
poker_soul11: doesn't show hand 
*** SUMMARY ***
Total pot $5 | Rake $0 
Seat 1: poker_soul11 (big blind) collected ($5)
Seat 2: MaRKiToScoK folded before Flop (didn't bet)
Seat 3: IREQO folded before Flop (didn't bet)
Seat 4: m1lkdud folded before Flop (didn't bet)
Seat 5: Cositorto (button) folded before Flop (didn't bet)
Seat 6: Evelexy1 (small blind) folded before Flop



PokerStars Hand #254486338508:  Hold'em No Limit ($0.50/$1.00 USD) - 2025/01/21 17:40:22 WET [2025/01/21 12:40:22 ET]
Table 'Padua IV' 6-max Seat #6 is the button
Seat 1: poker_soul11 ($285.31 in chips) 
Seat 2: MaRKiToScoK ($165.17 in chips) 
Seat 3: IREQO ($100 in chips) 
Seat 4: m1lkdud ($200.15 in chips) 
Seat 5: Cositorto ($100 in chips) 
Seat 6: Evelexy1 ($100 in chips) 
poker_soul11: posts small blind $0.50
MaRKiToScoK: posts big blind $1
*** HOLE CARDS ***
IREQO: folds 
m1lkdud: folds 
Cositorto: raises $1 to $2
Evelexy1: folds 
poker_soul11: folds 
MaRKiToScoK: calls $1
*** FLOP *** [3h 8s 4c]
MaRKiToScoK: checks 
Cositorto: bets $2.14
MaRKiToScoK: calls $2.14
*** TURN *** [3h 8s 4c] [Qs]
MaRKiToScoK: checks 
Cositorto: bets $7.50
MaRKiToScoK: calls $7.50
*** RIVER *** [3h 8s 4c Qs] [7d]
MaRKiToScoK: checks 
Cositorto: checks 
*** SHOW DOWN ***
MaRKiToScoK: shows [Qd 4d] (two pair, Queens and Fours)
Cositorto: mucks hand 
MaRKiToScoK collected $22.59 from pot
*** SUMMARY ***
Total pot $23.78 | Rake $1.19 
Board [3h 8s 4c Qs 7d]
Seat 1: poker_soul11 (small blind) folded before Flop
Seat 2: MaRKiToScoK (big blind) showed [Qd 4d] and won ($22.59) with two pair, Queens and Fours
Seat 3: IREQO folded before Flop (didn't bet)
Seat 4: m1lkdud folded before Flop (didn't bet)
Seat 5: Cositorto mucked
Seat 6: Evelexy1 (button) folded before Flop (didn't bet)



PokerStars Hand #254486350841:  Hold'em No Limit ($0.50/$1.00 USD) - 2025/01/21 17:41:08 WET [2025/01/21 12:41:08 ET]
Table 'Padua IV' 6-max Seat #1 is the button
Seat 3: IREQO ($100 in chips) is sitting out
Seat 4: m1lkdud ($200.15 in chips) is sitting out
Seat 1: poker_soul11 ($284.81 in chips) 
Seat 2: MaRKiToScoK ($176.12 in chips) 
Seat 5: Cositorto ($100 in chips) 
Seat 6: Evelexy1 ($100 in chips) 
MaRKiToScoK: posts small blind $0.50
IREQO: is sitting out 
m1lkdud: is sitting out 
Cositorto: posts big blind $1
*** HOLE CARDS ***
Evelexy1: folds 
poker_soul11: folds 
m1lkdud leaves the table
MaRKiToScoK: folds 
Uncalled bet ($0.50) returned to Cositorto
Cositorto collected $1 from pot
Cositorto: doesn't show hand 
*** SUMMARY ***
Total pot $1 | Rake $0 
Seat 3: IREQO
Seat 4: m1lkdud
Seat 1: poker_soul11 (button) folded before Flop (didn't bet)
Seat 2: MaRKiToScoK (small blind) folded before Flop
Seat 5: Cositorto (big blind) collected ($1)
Seat 6: Evelexy1 folded before Flop (didn't bet)



PokerStars Hand #254486357418:  Hold'em No Limit ($0.50/$1.00 USD) - 2025/01/21 17:41:32 WET [2025/01/21 12:41:32 ET]
Table 'Padua IV' 6-max Seat #2 is the button
Seat 3: IREQO ($100 in chips) is sitting out
Seat 1: poker_soul11 ($284.81 in chips) 
Seat 2: MaRKiToScoK ($175.62 in chips) 
Seat 5: Cositorto ($100.50 in chips) 
Seat 6: Evelexy1 ($100 in chips) 
Cositorto: posts small blind $0.50
Evelexy1: posts big blind $1
*** HOLE CARDS ***
poker_soul11: folds 
MaRKiToScoK: raises $1.50 to $2.50
Cositorto: raises $8.75 to $11.25
Evelexy1: folds 
MaRKiToScoK: folds 
Uncalled bet ($8.75) returned to Cositorto
Cositorto collected $6 from pot
Cositorto: doesn't show hand 
*** SUMMARY ***
Total pot $6 | Rake $0 
Seat 3: IREQO
Seat 1: poker_soul11 folded before Flop (didn't bet)
Seat 2: MaRKiToScoK (button) folded before Flop
Seat 5: Cositorto (small blind) collected ($6)
Seat 6: Evelexy1 (big blind) folded before Flop



