PokerStars Hand #254484998151:  Hold'em No Limit ($0.50/$1.00 USD) - 2025/01/21 16:03:02 WET [2025/01/21 11:03:02 ET]
Table 'Halaesus IV' 6-max Seat #1 is the button
Seat 2: yzuk ($100 in chips) is sitting out
Seat 5: Joe_Li7 ($100 in chips) is sitting out
Seat 6: kuhclemO ($100 in chips) is sitting out
Seat 1: RAidakCo ($118.73 in chips) 
Seat 3: avstero ($100 in chips) 
Seat 4: m1lkdud ($100 in chips) 
avstero: posts small blind $0.50
m1lkdud: posts big blind $1
Joe_Li7: sits out 
kuhclemO: sits out 
*** HOLE CARDS ***
RAidakCo: folds 
avstero: raises $1.80 to $2.80
m1lkdud: calls $1.80
*** FLOP *** [Td Qc 6s]
avstero: checks 
m1lkdud: checks 
*** TURN *** [Td Qc 6s] [Jd]
avstero: checks 
m1lkdud: checks 
*** RIVER *** [Td Qc 6s Jd] [Ks]
RAidakCo leaves the table
avstero: bets $3.56
m1lkdud: folds 
Uncalled bet ($3.56) returned to avstero
avstero collected $5.32 from pot
avstero: doesn't show hand 
*** SUMMARY ***
Total pot $5.60 | Rake $0.28 
Board [Td Qc 6s Jd Ks]
Seat 2: yzuk
Seat 5: Joe_Li7
Seat 6: kuhclemO
Seat 1: RAidakCo (button) folded before Flop (didn't bet)
Seat 3: avstero (small blind) collected ($5.32)
Seat 4: m1lkdud (big blind) folded on the River



PokerStars Hand #254485009424:  Hold'em No Limit ($0.50/$1.00 USD) - 2025/01/21 16:03:55 WET [2025/01/21 11:03:55 ET]
Table 'Halaesus IV' 6-max Seat #3 is the button
Seat 2: yzuk ($100 in chips) is sitting out
Seat 6: kuhclemO ($100 in chips) is sitting out
Seat 3: avstero ($102.52 in chips) 
Seat 4: m1lkdud ($97.20 in chips) 
Seat 5: Joe_Li7 ($100 in chips) 
m1lkdud: posts small blind $0.50
Joe_Li7: posts big blind $1
kuhclemO: sits out 
yzuk: sits out 
*** HOLE CARDS ***
avstero: raises $1.20 to $2.20
m1lkdud: folds 
Joe_Li7: folds 
Uncalled bet ($1.20) returned to avstero
avstero collected $2.50 from pot
avstero: doesn't show hand 
*** SUMMARY ***
Total pot $2.50 | Rake $0 
Seat 2: yzuk
Seat 6: kuhclemO
Seat 3: avstero (button) collected ($2.50)
Seat 4: m1lkdud (small blind) folded before Flop
Seat 5: Joe_Li7 (big blind) folded before Flop



PokerStars Hand #254485011133:  Hold'em No Limit ($0.50/$1.00 USD) - 2025/01/21 16:04:03 WET [2025/01/21 11:04:03 ET]
Table 'Halaesus IV' 6-max Seat #4 is the button
Seat 2: yzuk ($100 in chips) is sitting out
Seat 3: avstero ($104.02 in chips) 
Seat 4: m1lkdud ($96.70 in chips) 
Seat 5: Joe_Li7 ($100 in chips) 
Seat 6: kuhclemO ($100 in chips) 
Joe_Li7: posts small blind $0.50
kuhclemO: posts big blind $1
yzuk: sits out 
*** HOLE CARDS ***
avstero: folds 
m1lkdud: folds 
Joe_Li7: raises $2 to $3
kuhclemO: folds 
Uncalled bet ($2) returned to Joe_Li7
Joe_Li7 collected $2 from pot
*** SUMMARY ***
Total pot $2 | Rake $0 
Seat 2: yzuk
Seat 3: avstero folded before Flop (didn't bet)
Seat 4: m1lkdud (button) folded before Flop (didn't bet)
Seat 5: Joe_Li7 (small blind) collected ($2)
Seat 6: kuhclemO (big blind) folded before Flop



PokerStars Hand #254485014017:  Hold'em No Limit ($0.50/$1.00 USD) - 2025/01/21 16:04:16 WET [2025/01/21 11:04:16 ET]
Table 'Halaesus IV' 6-max Seat #5 is the button
Seat 2: yzuk ($100 in chips) 
Seat 3: avstero ($104.02 in chips) 
Seat 4: m1lkdud ($96.70 in chips) 
Seat 5: Joe_Li7 ($101 in chips) 
Seat 6: kuhclemO ($100 in chips) 
kuhclemO: posts small blind $0.50
yzuk: posts big blind $1
*** HOLE CARDS ***
avstero: folds 
m1lkdud: folds 
avstero leaves the table
2g00d4youu joins the table at seat #1 
Joe_Li7: raises $1.50 to $2.50
kuhclemO: folds 
yzuk: folds 
Uncalled bet ($1.50) returned to Joe_Li7
Joe_Li7 collected $2.50 from pot
*** SUMMARY ***
Total pot $2.50 | Rake $0 
Seat 2: yzuk (big blind) folded before Flop
Seat 3: avstero folded before Flop (didn't bet)
Seat 4: m1lkdud folded before Flop (didn't bet)
Seat 5: Joe_Li7 (button) collected ($2.50)
Seat 6: kuhclemO (small blind) folded before Flop



PokerStars Hand #254485018515:  Hold'em No Limit ($0.50/$1.00 USD) - 2025/01/21 16:04:38 WET [2025/01/21 11:04:38 ET]
Table 'Halaesus IV' 6-max Seat #6 is the button
Seat 1: 2g00d4youu ($100 in chips) is sitting out
Seat 2: yzuk ($100 in chips) 
Seat 4: m1lkdud ($96.70 in chips) 
Seat 5: Joe_Li7 ($102.50 in chips) 
Seat 6: kuhclemO ($100 in chips) 
yzuk: posts small blind $0.50
m1lkdud: posts big blind $1
*** HOLE CARDS ***
Joe_Li7: raises $1.50 to $2.50
kuhclemO: folds 
yzuk: folds 
m1lkdud: raises $8.50 to $11
Joe_Li7: folds 
Uncalled bet ($8.50) returned to m1lkdud
m1lkdud collected $5.50 from pot
peak joker33 joins the table at seat #3 
*** SUMMARY ***
Total pot $5.50 | Rake $0 
Seat 1: 2g00d4youu
Seat 2: yzuk (small blind) folded before Flop
Seat 4: m1lkdud (big blind) collected ($5.50)
Seat 5: Joe_Li7 folded before Flop
Seat 6: kuhclemO (button) folded before Flop (didn't bet)



PokerStars Hand #254485021220:  Hold'em No Limit ($0.50/$1.00 USD) - 2025/01/21 16:04:50 WET [2025/01/21 11:04:50 ET]
Table 'Halaesus IV' 6-max Seat #2 is the button
Seat 1: 2g00d4youu ($100 in chips) is sitting out
Seat 3: peak joker33 ($100 in chips) is sitting out
Seat 2: yzuk ($100 in chips) 
Seat 4: m1lkdud ($99.70 in chips) 
Seat 5: Joe_Li7 ($100 in chips) 
Seat 6: kuhclemO ($100 in chips) 
m1lkdud: posts small blind $0.50
Joe_Li7: posts big blind $1
2g00d4youu: sits out 
*** HOLE CARDS ***
kuhclemO: raises $1 to $2
yzuk: folds 
m1lkdud: folds 
Joe_Li7: folds 
Uncalled bet ($1) returned to kuhclemO
kuhclemO collected $2.50 from pot
kuhclemO: doesn't show hand 
*** SUMMARY ***
Total pot $2.50 | Rake $0 
Seat 1: 2g00d4youu
Seat 3: peak joker33
Seat 2: yzuk (button) folded before Flop (didn't bet)
Seat 4: m1lkdud (small blind) folded before Flop
Seat 5: Joe_Li7 (big blind) folded before Flop
Seat 6: kuhclemO collected ($2.50)



PokerStars Hand #254485023047:  Hold'em No Limit ($0.50/$1.00 USD) - 2025/01/21 16:04:59 WET [2025/01/21 11:04:59 ET]
Table 'Halaesus IV' 6-max Seat #4 is the button
Seat 1: 2g00d4youu ($100 in chips) is sitting out
Seat 3: peak joker33 ($100 in chips) is sitting out
Seat 2: yzuk ($100 in chips) 
Seat 4: m1lkdud ($99.20 in chips) 
Seat 5: Joe_Li7 ($100 in chips) 
Seat 6: kuhclemO ($101.50 in chips) 
Joe_Li7: posts small blind $0.50
kuhclemO: posts big blind $1
2g00d4youu: sits out 
peak joker33: sits out 
*** HOLE CARDS ***
yzuk: folds 
m1lkdud: folds 
Joe_Li7: folds 
Uncalled bet ($0.50) returned to kuhclemO
kuhclemO collected $1 from pot
kuhclemO: doesn't show hand 
*** SUMMARY ***
Total pot $1 | Rake $0 
Seat 1: 2g00d4youu
Seat 3: peak joker33
Seat 2: yzuk folded before Flop (didn't bet)
Seat 4: m1lkdud (button) folded before Flop (didn't bet)
Seat 5: Joe_Li7 (small blind) folded before Flop
Seat 6: kuhclemO (big blind) collected ($1)



PokerStars Hand #254485024854:  Hold'em No Limit ($0.50/$1.00 USD) - 2025/01/21 16:05:07 WET [2025/01/21 11:05:07 ET]
Table 'Halaesus IV' 6-max Seat #5 is the button
Seat 3: peak joker33 ($100 in chips) is sitting out
Seat 1: 2g00d4youu ($100 in chips) 
Seat 2: yzuk ($100 in chips) 
Seat 4: m1lkdud ($99.20 in chips) 
Seat 5: Joe_Li7 ($100 in chips) 
Seat 6: kuhclemO ($102 in chips) 
kuhclemO: posts small blind $0.50
2g00d4youu: posts big blind $1
peak joker33: sits out 
*** HOLE CARDS ***
yzuk: folds 
m1lkdud: folds 
Joe_Li7: folds 
kuhclemO: raises $2 to $3
2g00d4youu: raises $6 to $9
kuhclemO: folds 
Uncalled bet ($6) returned to 2g00d4youu
2g00d4youu collected $6 from pot
2g00d4youu: doesn't show hand 
*** SUMMARY ***
Total pot $6 | Rake $0 
Seat 3: peak joker33
Seat 1: 2g00d4youu (big blind) collected ($6)
Seat 2: yzuk folded before Flop (didn't bet)
Seat 4: m1lkdud folded before Flop (didn't bet)
Seat 5: Joe_Li7 (button) folded before Flop (didn't bet)
Seat 6: kuhclemO (small blind) folded before Flop



PokerStars Hand #254485029335:  Hold'em No Limit ($0.50/$1.00 USD) - 2025/01/21 16:05:29 WET [2025/01/21 11:05:29 ET]
Table 'Halaesus IV' 6-max Seat #6 is the button
Seat 3: peak joker33 ($100 in chips) is sitting out
Seat 1: 2g00d4youu ($103 in chips) 
Seat 2: yzuk ($100 in chips) 
Seat 4: m1lkdud ($99.20 in chips) 
Seat 5: Joe_Li7 ($100 in chips) 
Seat 6: kuhclemO ($100 in chips) 
2g00d4youu: posts small blind $0.50
yzuk: posts big blind $1
peak joker33: sits out 
*** HOLE CARDS ***
m1lkdud: folds 
Joe_Li7: folds 
kuhclemO: folds 
2g00d4youu: folds 
Uncalled bet ($0.50) returned to yzuk
yzuk collected $1 from pot
yzuk: doesn't show hand 
*** SUMMARY ***
Total pot $1 | Rake $0 
Seat 3: peak joker33
Seat 1: 2g00d4youu (small blind) folded before Flop
Seat 2: yzuk (big blind) collected ($1)
Seat 4: m1lkdud folded before Flop (didn't bet)
Seat 5: Joe_Li7 folded before Flop (didn't bet)
Seat 6: kuhclemO (button) folded before Flop (didn't bet)



PokerStars Hand #254485031599:  Hold'em No Limit ($0.50/$1.00 USD) - 2025/01/21 16:05:39 WET [2025/01/21 11:05:39 ET]
Table 'Halaesus IV' 6-max Seat #1 is the button
Seat 1: 2g00d4youu ($102.50 in chips) 
Seat 2: yzuk ($100.50 in chips) 
Seat 3: peak joker33 ($100 in chips) 
Seat 4: m1lkdud ($99.20 in chips) 
Seat 5: Joe_Li7 ($100 in chips) 
Seat 6: kuhclemO ($100 in chips) 
yzuk: posts small blind $0.50
peak joker33: posts big blind $1
*** HOLE CARDS ***
m1lkdud: folds 
Joe_Li7: folds 
kuhclemO: folds 
2g00d4youu: folds 
yzuk: raises $2 to $3
peak joker33: folds 
Uncalled bet ($2) returned to yzuk
yzuk collected $2 from pot
yzuk: doesn't show hand 
*** SUMMARY ***
Total pot $2 | Rake $0 
Seat 1: 2g00d4youu (button) folded before Flop (didn't bet)
Seat 2: yzuk (small blind) collected ($2)
Seat 3: peak joker33 (big blind) folded before Flop
Seat 4: m1lkdud folded before Flop (didn't bet)
Seat 5: Joe_Li7 folded before Flop (didn't bet)
Seat 6: kuhclemO folded before Flop (didn't bet)



PokerStars Hand #254485034906:  Hold'em No Limit ($0.50/$1.00 USD) - 2025/01/21 16:05:55 WET [2025/01/21 11:05:55 ET]
Table 'Halaesus IV' 6-max Seat #2 is the button
Seat 1: 2g00d4youu ($102.50 in chips) 
Seat 2: yzuk ($101.50 in chips) 
Seat 3: peak joker33 ($100 in chips) 
Seat 4: m1lkdud ($99.20 in chips) 
Seat 5: Joe_Li7 ($100 in chips) 
Seat 6: kuhclemO ($100 in chips) 
peak joker33: posts small blind $0.50
m1lkdud: posts big blind $1
*** HOLE CARDS ***
Joe_Li7: folds 
kuhclemO: raises $1 to $2
2g00d4youu: folds 
yzuk: folds 
peak joker33: folds 
m1lkdud: folds 
Uncalled bet ($1) returned to kuhclemO
kuhclemO collected $2.50 from pot
kuhclemO: doesn't show hand 
*** SUMMARY ***
Total pot $2.50 | Rake $0 
Seat 1: 2g00d4youu folded before Flop (didn't bet)
Seat 2: yzuk (button) folded before Flop (didn't bet)
Seat 3: peak joker33 (small blind) folded before Flop
Seat 4: m1lkdud (big blind) folded before Flop
Seat 5: Joe_Li7 folded before Flop (didn't bet)
Seat 6: kuhclemO collected ($2.50)



PokerStars Hand #254485039605:  Hold'em No Limit ($0.50/$1.00 USD) - 2025/01/21 16:06:16 WET [2025/01/21 11:06:16 ET]
Table 'Halaesus IV' 6-max Seat #3 is the button
Seat 1: 2g00d4youu ($102.50 in chips) 
Seat 2: yzuk ($101.50 in chips) 
Seat 3: peak joker33 ($100 in chips) 
Seat 4: m1lkdud ($98.20 in chips) 
Seat 5: Joe_Li7 ($100 in chips) 
Seat 6: kuhclemO ($101.50 in chips) 
m1lkdud: posts small blind $0.50
Joe_Li7: posts big blind $1
*** HOLE CARDS ***
kuhclemO: folds 
2g00d4youu: folds 
yzuk: folds 
peak joker33: folds 
m1lkdud: folds 
Uncalled bet ($0.50) returned to Joe_Li7
Joe_Li7 collected $1 from pot
*** SUMMARY ***
Total pot $1 | Rake $0 
Seat 1: 2g00d4youu folded before Flop (didn't bet)
Seat 2: yzuk folded before Flop (didn't bet)
Seat 3: peak joker33 (button) folded before Flop (didn't bet)
Seat 4: m1lkdud (small blind) folded before Flop
Seat 5: Joe_Li7 (big blind) collected ($1)
Seat 6: kuhclemO folded before Flop (didn't bet)



PokerStars Hand #254485042279:  Hold'em No Limit ($0.50/$1.00 USD) - 2025/01/21 16:06:29 WET [2025/01/21 11:06:29 ET]
Table 'Halaesus IV' 6-max Seat #4 is the button
Seat 1: 2g00d4youu ($102.50 in chips) 
Seat 2: yzuk ($101.50 in chips) 
Seat 3: peak joker33 ($100 in chips) 
Seat 4: m1lkdud ($97.70 in chips) 
Seat 5: Joe_Li7 ($100.50 in chips) 
Seat 6: kuhclemO ($101.50 in chips) 
Joe_Li7: posts small blind $0.50
kuhclemO: posts big blind $1
*** HOLE CARDS ***
2g00d4youu: folds 
yzuk: folds 
peak joker33: folds 
m1lkdud: folds 
Joe_Li7: folds 
Uncalled bet ($0.50) returned to kuhclemO
kuhclemO collected $1 from pot
kuhclemO: doesn't show hand 
*** SUMMARY ***
Total pot $1 | Rake $0 
Seat 1: 2g00d4youu folded before Flop (didn't bet)
Seat 2: yzuk folded before Flop (didn't bet)
Seat 3: peak joker33 folded before Flop (didn't bet)
Seat 4: m1lkdud (button) folded before Flop (didn't bet)
Seat 5: Joe_Li7 (small blind) folded before Flop
Seat 6: kuhclemO (big blind) collected ($1)



PokerStars Hand #254485044403:  Hold'em No Limit ($0.50/$1.00 USD) - 2025/01/21 16:06:39 WET [2025/01/21 11:06:39 ET]
Table 'Halaesus IV' 6-max Seat #5 is the button
Seat 1: 2g00d4youu ($102.50 in chips) 
Seat 2: yzuk ($101.50 in chips) 
Seat 3: peak joker33 ($100 in chips) 
Seat 4: m1lkdud ($97.70 in chips) 
Seat 5: Joe_Li7 ($100 in chips) 
Seat 6: kuhclemO ($102 in chips) 
kuhclemO: posts small blind $0.50
2g00d4youu: posts big blind $1
*** HOLE CARDS ***
yzuk: raises $1.50 to $2.50
peak joker33: folds 
m1lkdud: folds 
Joe_Li7: folds 
kuhclemO: folds 
2g00d4youu: folds 
Uncalled bet ($1.50) returned to yzuk
yzuk collected $2.50 from pot
yzuk: doesn't show hand 
*** SUMMARY ***
Total pot $2.50 | Rake $0 
Seat 1: 2g00d4youu (big blind) folded before Flop
Seat 2: yzuk collected ($2.50)
Seat 3: peak joker33 folded before Flop (didn't bet)
Seat 4: m1lkdud folded before Flop (didn't bet)
Seat 5: Joe_Li7 (button) folded before Flop (didn't bet)
Seat 6: kuhclemO (small blind) folded before Flop



PokerStars Hand #254485047918:  Hold'em No Limit ($0.50/$1.00 USD) - 2025/01/21 16:06:55 WET [2025/01/21 11:06:55 ET]
Table 'Halaesus IV' 6-max Seat #6 is the button
Seat 1: 2g00d4youu ($101.50 in chips) 
Seat 2: yzuk ($103 in chips) 
Seat 3: peak joker33 ($100 in chips) 
Seat 4: m1lkdud ($97.70 in chips) 
Seat 5: Joe_Li7 ($100 in chips) 
Seat 6: kuhclemO ($101.50 in chips) 
2g00d4youu: posts small blind $0.50
yzuk: posts big blind $1
*** HOLE CARDS ***
peak joker33: folds 
m1lkdud: folds 
Joe_Li7: folds 
kuhclemO: folds 
2g00d4youu: folds 
Uncalled bet ($0.50) returned to yzuk
yzuk collected $1 from pot
yzuk: doesn't show hand 
*** SUMMARY ***
Total pot $1 | Rake $0 
Seat 1: 2g00d4youu (small blind) folded before Flop
Seat 2: yzuk (big blind) collected ($1)
Seat 3: peak joker33 folded before Flop (didn't bet)
Seat 4: m1lkdud folded before Flop (didn't bet)
Seat 5: Joe_Li7 folded before Flop (didn't bet)
Seat 6: kuhclemO (button) folded before Flop (didn't bet)



PokerStars Hand #254485050491:  Hold'em No Limit ($0.50/$1.00 USD) - 2025/01/21 16:07:07 WET [2025/01/21 11:07:07 ET]
Table 'Halaesus IV' 6-max Seat #1 is the button
Seat 1: 2g00d4youu ($101 in chips) 
Seat 2: yzuk ($103.50 in chips) 
Seat 3: peak joker33 ($100 in chips) 
Seat 4: m1lkdud ($97.70 in chips) 
Seat 5: Joe_Li7 ($100 in chips) 
Seat 6: kuhclemO ($101.50 in chips) 
yzuk: posts small blind $0.50
peak joker33: posts big blind $1
*** HOLE CARDS ***
m1lkdud: folds 
Joe_Li7: folds 
kuhclemO: folds 
2g00d4youu: raises $1.50 to $2.50
yzuk: raises $10 to $12.50
peak joker33: folds 
2g00d4youu: folds 
Uncalled bet ($10) returned to yzuk
yzuk collected $6 from pot
yzuk: doesn't show hand 
*** SUMMARY ***
Total pot $6 | Rake $0 
Seat 1: 2g00d4youu (button) folded before Flop
Seat 2: yzuk (small blind) collected ($6)
Seat 3: peak joker33 (big blind) folded before Flop
Seat 4: m1lkdud folded before Flop (didn't bet)
Seat 5: Joe_Li7 folded before Flop (didn't bet)
Seat 6: kuhclemO folded before Flop (didn't bet)



PokerStars Hand #254485058040:  Hold'em No Limit ($0.50/$1.00 USD) - 2025/01/21 16:07:42 WET [2025/01/21 11:07:42 ET]
Table 'Halaesus IV' 6-max Seat #2 is the button
Seat 1: 2g00d4youu ($100 in chips) 
Seat 2: yzuk ($107 in chips) 
Seat 3: peak joker33 ($100 in chips) 
Seat 4: m1lkdud ($97.70 in chips) 
Seat 5: Joe_Li7 ($100 in chips) 
Seat 6: kuhclemO ($101.50 in chips) 
peak joker33: posts small blind $0.50
m1lkdud: posts big blind $1
*** HOLE CARDS ***
Joe_Li7: folds 
kuhclemO: folds 
2g00d4youu: folds 
yzuk: folds 
peak joker33: folds 
Uncalled bet ($0.50) returned to m1lkdud
m1lkdud collected $1 from pot
*** SUMMARY ***
Total pot $1 | Rake $0 
Seat 1: 2g00d4youu folded before Flop (didn't bet)
Seat 2: yzuk (button) folded before Flop (didn't bet)
Seat 3: peak joker33 (small blind) folded before Flop
Seat 4: m1lkdud (big blind) collected ($1)
Seat 5: Joe_Li7 folded before Flop (didn't bet)
Seat 6: kuhclemO folded before Flop (didn't bet)



PokerStars Hand #254485059901:  Hold'em No Limit ($0.50/$1.00 USD) - 2025/01/21 16:07:51 WET [2025/01/21 11:07:51 ET]
Table 'Halaesus IV' 6-max Seat #3 is the button
Seat 1: 2g00d4youu ($100 in chips) 
Seat 2: yzuk ($107 in chips) 
Seat 3: peak joker33 ($100 in chips) 
Seat 4: m1lkdud ($98.20 in chips) 
Seat 5: Joe_Li7 ($100 in chips) 
Seat 6: kuhclemO ($101.50 in chips) 
m1lkdud: posts small blind $0.50
Joe_Li7: posts big blind $1
*** HOLE CARDS ***
kuhclemO: folds 
2g00d4youu: folds 
yzuk: folds 
peak joker33: folds 
m1lkdud: folds 
Uncalled bet ($0.50) returned to Joe_Li7
Joe_Li7 collected $1 from pot
*** SUMMARY ***
Total pot $1 | Rake $0 
Seat 1: 2g00d4youu folded before Flop (didn't bet)
Seat 2: yzuk folded before Flop (didn't bet)
Seat 3: peak joker33 (button) folded before Flop (didn't bet)
Seat 4: m1lkdud (small blind) folded before Flop
Seat 5: Joe_Li7 (big blind) collected ($1)
Seat 6: kuhclemO folded before Flop (didn't bet)



PokerStars Hand #254485062099:  Hold'em No Limit ($0.50/$1.00 USD) - 2025/01/21 16:08:01 WET [2025/01/21 11:08:01 ET]
Table 'Halaesus IV' 6-max Seat #4 is the button
Seat 1: 2g00d4youu ($100 in chips) 
Seat 2: yzuk ($107 in chips) 
Seat 3: peak joker33 ($100 in chips) 
Seat 4: m1lkdud ($97.70 in chips) 
Seat 5: Joe_Li7 ($100.50 in chips) 
Seat 6: kuhclemO ($101.50 in chips) 
Joe_Li7: posts small blind $0.50
kuhclemO: posts big blind $1
*** HOLE CARDS ***
2g00d4youu: raises $1.50 to $2.50
yzuk: folds 
peak joker33: folds 
m1lkdud: folds 
Joe_Li7: folds 
kuhclemO: folds 
Uncalled bet ($1.50) returned to 2g00d4youu
2g00d4youu collected $2.50 from pot
2g00d4youu: doesn't show hand 
*** SUMMARY ***
Total pot $2.50 | Rake $0 
Seat 1: 2g00d4youu collected ($2.50)
Seat 2: yzuk folded before Flop (didn't bet)
Seat 3: peak joker33 folded before Flop (didn't bet)
Seat 4: m1lkdud (button) folded before Flop (didn't bet)
Seat 5: Joe_Li7 (small blind) folded before Flop
Seat 6: kuhclemO (big blind) folded before Flop



PokerStars Hand #254485065162:  Hold'em No Limit ($0.50/$1.00 USD) - 2025/01/21 16:08:16 WET [2025/01/21 11:08:16 ET]
Table 'Halaesus IV' 6-max Seat #5 is the button
Seat 1: 2g00d4youu ($101.50 in chips) 
Seat 2: yzuk ($107 in chips) 
Seat 3: peak joker33 ($100 in chips) 
Seat 4: m1lkdud ($97.70 in chips) 
Seat 5: Joe_Li7 ($100 in chips) 
Seat 6: kuhclemO ($100.50 in chips) 
kuhclemO: posts small blind $0.50
2g00d4youu: posts big blind $1
*** HOLE CARDS ***
yzuk: folds 
peak joker33: raises $1.50 to $2.50
m1lkdud: raises $8.50 to $11
Joe_Li7: raises $12 to $23
kuhclemO: folds 
2g00d4youu: folds 
peak joker33: folds 
m1lkdud: calls $12
*** FLOP *** [4h 6d 5c]
m1lkdud: checks 
Joe_Li7: bets $77 and is all-in
m1lkdud: folds 
Uncalled bet ($77) returned to Joe_Li7
Joe_Li7 collected $47.50 from pot
*** SUMMARY ***
Total pot $50 | Rake $2.50 
Board [4h 6d 5c]
Seat 1: 2g00d4youu (big blind) folded before Flop
Seat 2: yzuk folded before Flop (didn't bet)
Seat 3: peak joker33 folded before Flop
Seat 4: m1lkdud folded on the Flop
Seat 5: Joe_Li7 (button) collected ($47.50)
Seat 6: kuhclemO (small blind) folded before Flop



PokerStars Hand #254485081398:  Hold'em No Limit ($0.50/$1.00 USD) - 2025/01/21 16:09:31 WET [2025/01/21 11:09:31 ET]
Table 'Halaesus IV' 6-max Seat #6 is the button
Seat 1: 2g00d4youu ($100.50 in chips) 
Seat 2: yzuk ($107 in chips) 
Seat 3: peak joker33 ($100 in chips) 
Seat 4: m1lkdud ($100 in chips) 
Seat 5: Joe_Li7 ($124.50 in chips) 
Seat 6: kuhclemO ($100 in chips) 
2g00d4youu: posts small blind $0.50
yzuk: posts big blind $1
*** HOLE CARDS ***
peak joker33: folds 
m1lkdud: folds 
Joe_Li7: raises $1.20 to $2.20
kuhclemO: raises $5.30 to $7.50
2g00d4youu: folds 
yzuk: folds 
Joe_Li7: folds 
Uncalled bet ($5.30) returned to kuhclemO
kuhclemO collected $5.90 from pot
kuhclemO: doesn't show hand 
*** SUMMARY ***
Total pot $5.90 | Rake $0 
Seat 1: 2g00d4youu (small blind) folded before Flop
Seat 2: yzuk (big blind) folded before Flop
Seat 3: peak joker33 folded before Flop (didn't bet)
Seat 4: m1lkdud folded before Flop (didn't bet)
Seat 5: Joe_Li7 folded before Flop
Seat 6: kuhclemO (button) collected ($5.90)



PokerStars Hand #254485084499:  Hold'em No Limit ($0.50/$1.00 USD) - 2025/01/21 16:09:45 WET [2025/01/21 11:09:45 ET]
Table 'Halaesus IV' 6-max Seat #1 is the button
Seat 1: 2g00d4youu ($100 in chips) 
Seat 2: yzuk ($106 in chips) 
Seat 3: peak joker33 ($100 in chips) 
Seat 4: m1lkdud ($100 in chips) 
Seat 5: Joe_Li7 ($122.30 in chips) 
Seat 6: kuhclemO ($103.70 in chips) 
yzuk: posts small blind $0.50
peak joker33: posts big blind $1
*** HOLE CARDS ***
m1lkdud: folds 
Joe_Li7: folds 
kuhclemO: folds 
2g00d4youu: folds 
yzuk: folds 
Uncalled bet ($0.50) returned to peak joker33
peak joker33 collected $1 from pot
peak joker33: doesn't show hand 
*** SUMMARY ***
Total pot $1 | Rake $0 
Seat 1: 2g00d4youu (button) folded before Flop (didn't bet)
Seat 2: yzuk (small blind) folded before Flop
Seat 3: peak joker33 (big blind) collected ($1)
Seat 4: m1lkdud folded before Flop (didn't bet)
Seat 5: Joe_Li7 folded before Flop (didn't bet)
Seat 6: kuhclemO folded before Flop (didn't bet)



PokerStars Hand #254485088086:  Hold'em No Limit ($0.50/$1.00 USD) - 2025/01/21 16:10:01 WET [2025/01/21 11:10:01 ET]
Table 'Halaesus IV' 6-max Seat #2 is the button
Seat 4: m1lkdud ($100 in chips) is sitting out
Seat 1: 2g00d4youu ($100 in chips) 
Seat 2: yzuk ($105.50 in chips) 
Seat 3: peak joker33 ($100.50 in chips) 
Seat 5: Joe_Li7 ($122.30 in chips) 
Seat 6: kuhclemO ($103.70 in chips) 
peak joker33: posts small blind $0.50
m1lkdud: is sitting out 
Joe_Li7: posts big blind $1
*** HOLE CARDS ***
kuhclemO: raises $1 to $2
2g00d4youu: folds 
yzuk: folds 
peak joker33: folds 
Joe_Li7: calls $1
*** FLOP *** [Ac 8s 5h]
Joe_Li7: checks 
kuhclemO: bets $1.07
Joe_Li7: folds 
Uncalled bet ($1.07) returned to kuhclemO
kuhclemO collected $4.28 from pot
kuhclemO: doesn't show hand 
*** SUMMARY ***
Total pot $4.50 | Rake $0.22 
Board [Ac 8s 5h]
Seat 4: m1lkdud
Seat 1: 2g00d4youu folded before Flop (didn't bet)
Seat 2: yzuk (button) folded before Flop (didn't bet)
Seat 3: peak joker33 (small blind) folded before Flop
Seat 5: Joe_Li7 (big blind) folded on the Flop
Seat 6: kuhclemO collected ($4.28)



PokerStars Hand #254485094833:  Hold'em No Limit ($0.50/$1.00 USD) - 2025/01/21 16:10:32 WET [2025/01/21 11:10:32 ET]
Table 'Halaesus IV' 6-max Seat #3 is the button
Seat 4: m1lkdud ($100 in chips) is sitting out
Seat 1: 2g00d4youu ($100 in chips) 
Seat 2: yzuk ($105.50 in chips) 
Seat 3: peak joker33 ($100 in chips) 
Seat 5: Joe_Li7 ($120.30 in chips) 
Seat 6: kuhclemO ($105.98 in chips) 
Joe_Li7: posts small blind $0.50
kuhclemO: posts big blind $1
*** HOLE CARDS ***
2g00d4youu: raises $1.50 to $2.50
yzuk: folds 
peak joker33: folds 
Joe_Li7: folds 
kuhclemO: calls $1.50
*** FLOP *** [Kc Qd 5s]
kuhclemO: checks 
2g00d4youu: bets $1.31
m1lkdud is disconnected 
kuhclemO: calls $1.31
*** TURN *** [Kc Qd 5s] [2s]
kuhclemO: checks 
2g00d4youu: bets $15.78
kuhclemO: folds 
Uncalled bet ($15.78) returned to 2g00d4youu
2g00d4youu collected $7.71 from pot
2g00d4youu: doesn't show hand 
*** SUMMARY ***
Total pot $8.12 | Rake $0.41 
Board [Kc Qd 5s 2s]
Seat 4: m1lkdud
Seat 1: 2g00d4youu collected ($7.71)
Seat 2: yzuk folded before Flop (didn't bet)
Seat 3: peak joker33 (button) folded before Flop (didn't bet)
Seat 5: Joe_Li7 (small blind) folded before Flop
Seat 6: kuhclemO (big blind) folded on the Turn



PokerStars Hand #254485106411:  Hold'em No Limit ($0.50/$1.00 USD) - 2025/01/21 16:11:25 WET [2025/01/21 11:11:25 ET]
Table 'Halaesus IV' 6-max Seat #5 is the button
Seat 4: m1lkdud ($100 in chips) is sitting out
Seat 1: 2g00d4youu ($103.90 in chips) 
Seat 2: yzuk ($105.50 in chips) 
Seat 3: peak joker33 ($100 in chips) 
Seat 5: Joe_Li7 ($119.80 in chips) 
Seat 6: kuhclemO ($102.17 in chips) 
kuhclemO: posts small blind $0.50
2g00d4youu: posts big blind $1
*** HOLE CARDS ***
yzuk: folds 
peak joker33: folds 
Joe_Li7: folds 
kuhclemO: raises $2 to $3
2g00d4youu: folds 
Uncalled bet ($2) returned to kuhclemO
kuhclemO collected $2 from pot
kuhclemO: doesn't show hand 
*** SUMMARY ***
Total pot $2 | Rake $0 
Seat 4: m1lkdud
Seat 1: 2g00d4youu (big blind) folded before Flop
Seat 2: yzuk folded before Flop (didn't bet)
Seat 3: peak joker33 folded before Flop (didn't bet)
Seat 5: Joe_Li7 (button) folded before Flop (didn't bet)
Seat 6: kuhclemO (small blind) collected ($2)



PokerStars Hand #254485109413:  Hold'em No Limit ($0.50/$1.00 USD) - 2025/01/21 16:11:38 WET [2025/01/21 11:11:38 ET]
Table 'Halaesus IV' 6-max Seat #6 is the button
Seat 4: m1lkdud ($100 in chips) is sitting out
Seat 1: 2g00d4youu ($102.90 in chips) 
Seat 2: yzuk ($105.50 in chips) 
Seat 3: peak joker33 ($100 in chips) 
Seat 5: Joe_Li7 ($119.80 in chips) 
Seat 6: kuhclemO ($103.17 in chips) 
2g00d4youu: posts small blind $0.50
yzuk: posts big blind $1
*** HOLE CARDS ***
peak joker33: folds 
Joe_Li7: raises $1.20 to $2.20
kuhclemO: folds 
2g00d4youu: folds 
yzuk: folds 
Uncalled bet ($1.20) returned to Joe_Li7
Joe_Li7 collected $2.50 from pot
*** SUMMARY ***
Total pot $2.50 | Rake $0 
Seat 4: m1lkdud
Seat 1: 2g00d4youu (small blind) folded before Flop
Seat 2: yzuk (big blind) folded before Flop
Seat 3: peak joker33 folded before Flop (didn't bet)
Seat 5: Joe_Li7 collected ($2.50)
Seat 6: kuhclemO (button) folded before Flop (didn't bet)



PokerStars Hand #254485112208:  Hold'em No Limit ($0.50/$1.00 USD) - 2025/01/21 16:11:51 WET [2025/01/21 11:11:51 ET]
Table 'Halaesus IV' 6-max Seat #1 is the button
Seat 4: m1lkdud ($100 in chips) is sitting out
Seat 1: 2g00d4youu ($102.40 in chips) 
Seat 2: yzuk ($104.50 in chips) 
Seat 3: peak joker33 ($100 in chips) 
Seat 5: Joe_Li7 ($121.30 in chips) 
Seat 6: kuhclemO ($103.17 in chips) 
yzuk: posts small blind $0.50
peak joker33: posts big blind $1
*** HOLE CARDS ***
Joe_Li7: folds 
kuhclemO: folds 
2g00d4youu: raises $1.50 to $2.50
yzuk: folds 
peak joker33: calls $1.50
*** FLOP *** [Kh 7d Qd]
peak joker33: checks 
2g00d4youu: bets $1.31
peak joker33: folds 
Uncalled bet ($1.31) returned to 2g00d4youu
2g00d4youu collected $5.22 from pot
2g00d4youu: doesn't show hand 
*** SUMMARY ***
Total pot $5.50 | Rake $0.28 
Board [Kh 7d Qd]
Seat 4: m1lkdud
Seat 1: 2g00d4youu (button) collected ($5.22)
Seat 2: yzuk (small blind) folded before Flop
Seat 3: peak joker33 (big blind) folded on the Flop
Seat 5: Joe_Li7 folded before Flop (didn't bet)
Seat 6: kuhclemO folded before Flop (didn't bet)



PokerStars Hand #254485119549:  Hold'em No Limit ($0.50/$1.00 USD) - 2025/01/21 16:12:24 WET [2025/01/21 11:12:24 ET]
Table 'Halaesus IV' 6-max Seat #2 is the button
Seat 4: m1lkdud ($100 in chips) is sitting out
Seat 1: 2g00d4youu ($105.12 in chips) 
Seat 2: yzuk ($104 in chips) 
Seat 3: peak joker33 ($100 in chips) 
Seat 5: Joe_Li7 ($121.30 in chips) 
Seat 6: kuhclemO ($103.17 in chips) 
peak joker33: posts small blind $0.50
Joe_Li7: posts big blind $1
*** HOLE CARDS ***
kuhclemO: raises $1 to $2
2g00d4youu: folds 
yzuk: folds 
peak joker33: folds 
Joe_Li7: folds 
Uncalled bet ($1) returned to kuhclemO
kuhclemO collected $2.50 from pot
kuhclemO: doesn't show hand 
*** SUMMARY ***
Total pot $2.50 | Rake $0 
Seat 4: m1lkdud
Seat 1: 2g00d4youu folded before Flop (didn't bet)
Seat 2: yzuk (button) folded before Flop (didn't bet)
Seat 3: peak joker33 (small blind) folded before Flop
Seat 5: Joe_Li7 (big blind) folded before Flop
Seat 6: kuhclemO collected ($2.50)



PokerStars Hand #254485121538:  Hold'em No Limit ($0.50/$1.00 USD) - 2025/01/21 16:12:34 WET [2025/01/21 11:12:34 ET]
Table 'Halaesus IV' 6-max Seat #3 is the button
Seat 1: 2g00d4youu ($105.12 in chips) is sitting out
Seat 4: m1lkdud ($100 in chips) is sitting out
Seat 6: kuhclemO ($104.67 in chips) is sitting out
Seat 2: yzuk ($104 in chips) 
Seat 3: peak joker33 ($100 in chips) 
Seat 5: Joe_Li7 ($120.30 in chips) 
Joe_Li7: posts small blind $0.50
kuhclemO: is sitting out 
2g00d4youu: is sitting out 
yzuk: posts big blind $1
*** HOLE CARDS ***
kuhclemO leaves the table
2g00d4youu leaves the table
peak joker33: raises $1.50 to $2.50
Joe_Li7: folds 
yzuk: folds 
Uncalled bet ($1.50) returned to peak joker33
peak joker33 collected $2.50 from pot
peak joker33: doesn't show hand 
*** SUMMARY ***
Total pot $2.50 | Rake $0 
Seat 1: 2g00d4youu
Seat 4: m1lkdud
Seat 6: kuhclemO
Seat 2: yzuk (big blind) folded before Flop
Seat 3: peak joker33 (button) collected ($2.50)
Seat 5: Joe_Li7 (small blind) folded before Flop



PokerStars Hand #254485124242:  Hold'em No Limit ($0.50/$1.00 USD) - 2025/01/21 16:12:46 WET [2025/01/21 11:12:46 ET]
Table 'Halaesus IV' 6-max Seat #5 is the button
Seat 4: m1lkdud ($100 in chips) is sitting out
Seat 2: yzuk ($103 in chips) 
Seat 3: peak joker33 ($101.50 in chips) 
Seat 5: Joe_Li7 ($119.80 in chips) 
yzuk: posts small blind $0.50
peak joker33: posts big blind $1
*** HOLE CARDS ***
Joe_Li7: raises $1.50 to $2.50
yzuk: folds 
peak joker33: folds 
Uncalled bet ($1.50) returned to Joe_Li7
Joe_Li7 collected $2.50 from pot
*** SUMMARY ***
Total pot $2.50 | Rake $0 
Seat 4: m1lkdud
Seat 2: yzuk (small blind) folded before Flop
Seat 3: peak joker33 (big blind) folded before Flop
Seat 5: Joe_Li7 (button) collected ($2.50)



PokerStars Hand #254485126371:  Hold'em No Limit ($0.50/$1.00 USD) - 2025/01/21 16:12:56 WET [2025/01/21 11:12:56 ET]
Table 'Halaesus IV' 6-max Seat #2 is the button
Seat 4: m1lkdud ($100 in chips) is sitting out
Seat 2: yzuk ($102.50 in chips) 
Seat 3: peak joker33 ($100.50 in chips) 
Seat 5: Joe_Li7 ($121.30 in chips) 
peak joker33: posts small blind $0.50
Joe_Li7: posts big blind $1
*** HOLE CARDS ***
yzuk: folds 
yzuk leaves the table
peak joker33: folds 
Uncalled bet ($0.50) returned to Joe_Li7
Joe_Li7 collected $1 from pot
*** SUMMARY ***
Total pot $1 | Rake $0 
Seat 4: m1lkdud
Seat 2: yzuk (button) folded before Flop (didn't bet)
Seat 3: peak joker33 (small blind) folded before Flop
Seat 5: Joe_Li7 (big blind) collected ($1)



PokerStars Hand #254485128644:  Hold'em No Limit ($0.50/$1.00 USD) - 2025/01/21 16:13:07 WET [2025/01/21 11:13:07 ET]
Table 'Halaesus IV' 6-max Seat #5 is the button
Seat 4: m1lkdud ($100 in chips) is sitting out
Seat 3: peak joker33 ($100 in chips) 
Seat 5: Joe_Li7 ($121.80 in chips) 
Joe_Li7: posts small blind $0.50
peak joker33: posts big blind $1
*** HOLE CARDS ***
Joe_Li7: raises $1.50 to $2.50
peak joker33: raises $8.50 to $11
Joe_Li7: folds 
Uncalled bet ($8.50) returned to peak joker33
peak joker33 collected $5 from pot
m1lkdud leaves the table
peak joker33: doesn't show hand 
*** SUMMARY ***
Total pot $5 | Rake $0 
Seat 4: m1lkdud
Seat 3: peak joker33 (big blind) collected ($5)
Seat 5: Joe_Li7 (button) (small blind) folded before Flop



PokerStars Hand #254485134623:  Hold'em No Limit ($0.50/$1.00 USD) - 2025/01/21 16:13:34 WET [2025/01/21 11:13:34 ET]
Table 'Halaesus IV' 6-max Seat #3 is the button
Seat 3: peak joker33 ($102.50 in chips) 
Seat 5: Joe_Li7 ($119.30 in chips) 
peak joker33: posts small blind $0.50
Joe_Li7: posts big blind $1
*** HOLE CARDS ***
peak joker33: raises $1.50 to $2.50
Joe_Li7: calls $1.50
*** FLOP *** [8c 3d 3h]
Joe_Li7: checks 
peak joker33: bets $1.57
Joe_Li7: calls $1.57
*** TURN *** [8c 3d 3h] [Ac]
Joe_Li7: checks 
peak joker33: checks 
*** RIVER *** [8c 3d 3h Ac] [Js]
Joe_Li7: bets $9.82
peak joker33: calls $9.82
*** SHOW DOWN ***
Joe_Li7: shows [6c Kh] (a pair of Threes)
peak joker33: shows [Ts 8s] (two pair, Eights and Threes)
peak joker33 collected $26.78 from pot
*** SUMMARY ***
Total pot $27.78 | Rake $1 
Board [8c 3d 3h Ac Js]
Seat 3: peak joker33 (button) (small blind) showed [Ts 8s] and won ($26.78) with two pair, Eights and Threes
Seat 5: Joe_Li7 (big blind) showed [6c Kh] and lost with a pair of Threes



PokerStars Hand #254485151510:  Hold'em No Limit ($0.50/$1.00 USD) - 2025/01/21 16:14:51 WET [2025/01/21 11:14:51 ET]
Table 'Halaesus IV' 6-max Seat #5 is the button
Seat 3: peak joker33 ($115.39 in chips) 
Seat 5: Joe_Li7 ($105.41 in chips) 
Joe_Li7: posts small blind $0.50
peak joker33: posts big blind $1
*** HOLE CARDS ***
vk101014 joins the table at seat #6 
vk101014 is disconnected 
MAO_DZEDYN_S joins the table at seat #2 
Joe_Li7: raises $1.50 to $2.50
Eredar5 joins the table at seat #1 
ReVeu710 joins the table at seat #4 
peak joker33: folds 
Uncalled bet ($1.50) returned to Joe_Li7
Joe_Li7 collected $2 from pot
*** SUMMARY ***
Total pot $2 | Rake $0 
Seat 3: peak joker33 (big blind) folded before Flop
Seat 5: Joe_Li7 (button) (small blind) collected ($2)



PokerStars Hand #254485154359:  Hold'em No Limit ($0.50/$1.00 USD) - 2025/01/21 16:15:04 WET [2025/01/21 11:15:04 ET]
Table 'Halaesus IV' 6-max Seat #3 is the button
Seat 1: Eredar5 ($100 in chips) is sitting out
Seat 2: MAO_DZEDYN_S ($100 in chips) is sitting out
Seat 4: ReVeu710 ($100 in chips) is sitting out
Seat 3: peak joker33 ($114.39 in chips) 
Seat 5: Joe_Li7 ($106.41 in chips) 
Seat 6: vk101014 ($80 in chips) 
Joe_Li7: posts small blind $0.50
vk101014: posts big blind $1
Eredar5: sits out 
MAO_DZEDYN_S: sits out 
*** HOLE CARDS ***
peak joker33: folds 
Joe_Li7: folds 
Uncalled bet ($0.50) returned to vk101014
vk101014 collected $1 from pot
vk101014: doesn't show hand 
*** SUMMARY ***
Total pot $1 | Rake $0 
Seat 1: Eredar5
Seat 2: MAO_DZEDYN_S
Seat 4: ReVeu710
Seat 3: peak joker33 (button) folded before Flop (didn't bet)
Seat 5: Joe_Li7 (small blind) folded before Flop
Seat 6: vk101014 (big blind) collected ($1)



PokerStars Hand #254485156153:  Hold'em No Limit ($0.50/$1.00 USD) - 2025/01/21 16:15:12 WET [2025/01/21 11:15:12 ET]
Table 'Halaesus IV' 6-max Seat #5 is the button
Seat 1: Eredar5 ($100 in chips) is sitting out
Seat 4: ReVeu710 ($100 in chips) is sitting out
Seat 2: MAO_DZEDYN_S ($100 in chips) 
Seat 3: peak joker33 ($114.39 in chips) 
Seat 5: Joe_Li7 ($105.91 in chips) 
Seat 6: vk101014 ($80.50 in chips) 
vk101014: posts small blind $0.50
Eredar5: is sitting out 
MAO_DZEDYN_S: posts big blind $1
ReVeu710: sits out 
*** HOLE CARDS ***
peak joker33: folds 
Joe_Li7: raises $1.50 to $2.50
vk101014: raises $6.50 to $9
MAO_DZEDYN_S: folds 
Joe_Li7: calls $6.50
*** FLOP *** [8c 2h 7d]
vk101014: bets $7.03
Joe_Li7: folds 
Uncalled bet ($7.03) returned to vk101014
vk101014 collected $18.05 from pot
vk101014: doesn't show hand 
*** SUMMARY ***
Total pot $19 | Rake $0.95 
Board [8c 2h 7d]
Seat 1: Eredar5
Seat 4: ReVeu710
Seat 2: MAO_DZEDYN_S (big blind) folded before Flop
Seat 3: peak joker33 folded before Flop (didn't bet)
Seat 5: Joe_Li7 (button) folded on the Flop
Seat 6: vk101014 (small blind) collected ($18.05)



PokerStars Hand #254485163290:  Hold'em No Limit ($0.50/$1.00 USD) - 2025/01/21 16:15:44 WET [2025/01/21 11:15:44 ET]
Table 'Halaesus IV' 6-max Seat #6 is the button
Seat 1: Eredar5 ($100 in chips) is sitting out
Seat 4: ReVeu710 ($100 in chips) is sitting out
Seat 2: MAO_DZEDYN_S ($100 in chips) 
Seat 3: peak joker33 ($114.39 in chips) 
Seat 5: Joe_Li7 ($100 in chips) 
Seat 6: vk101014 ($89.55 in chips) 
MAO_DZEDYN_S: posts small blind $0.50
peak joker33: posts big blind $1
ReVeu710: sits out 
*** HOLE CARDS ***
Joe_Li7: folds 
vk101014: raises $2 to $3
MAO_DZEDYN_S: raises $6 to $9
peak joker33: folds 
vk101014: calls $6
*** FLOP *** [Ad 3c 6d]
MAO_DZEDYN_S: checks 
vk101014: bets $10.03
MAO_DZEDYN_S: folds 
Uncalled bet ($10.03) returned to vk101014
vk101014 collected $18.05 from pot
vk101014: doesn't show hand 
*** SUMMARY ***
Total pot $19 | Rake $0.95 
Board [Ad 3c 6d]
Seat 1: Eredar5
Seat 4: ReVeu710
Seat 2: MAO_DZEDYN_S (small blind) folded on the Flop
Seat 3: peak joker33 (big blind) folded before Flop
Seat 5: Joe_Li7 folded before Flop (didn't bet)
Seat 6: vk101014 (button) collected ($18.05)



PokerStars Hand #254485175180:  Hold'em No Limit ($0.50/$1.00 USD) - 2025/01/21 16:16:38 WET [2025/01/21 11:16:38 ET]
Table 'Halaesus IV' 6-max Seat #2 is the button
Seat 1: Eredar5 ($100 in chips) is sitting out
Seat 2: MAO_DZEDYN_S ($100 in chips) 
Seat 3: peak joker33 ($113.39 in chips) 
Seat 4: ReVeu710 ($100 in chips) 
Seat 5: Joe_Li7 ($100 in chips) 
Seat 6: vk101014 ($98.60 in chips) 
peak joker33: posts small blind $0.50
ReVeu710: posts big blind $1
*** HOLE CARDS ***
Joe_Li7: folds 
vk101014: raises $1 to $2
MAO_DZEDYN_S: folds 
peak joker33: folds 
ReVeu710: folds 
Uncalled bet ($1) returned to vk101014
vk101014 collected $2.50 from pot
vk101014: doesn't show hand 
*** SUMMARY ***
Total pot $2.50 | Rake $0 
Seat 1: Eredar5
Seat 2: MAO_DZEDYN_S (button) folded before Flop (didn't bet)
Seat 3: peak joker33 (small blind) folded before Flop
Seat 4: ReVeu710 (big blind) folded before Flop
Seat 5: Joe_Li7 folded before Flop (didn't bet)
Seat 6: vk101014 collected ($2.50)



PokerStars Hand #254485178269:  Hold'em No Limit ($0.50/$1.00 USD) - 2025/01/21 16:16:52 WET [2025/01/21 11:16:52 ET]
Table 'Halaesus IV' 6-max Seat #3 is the button
Seat 1: Eredar5 ($100 in chips) is sitting out
Seat 2: MAO_DZEDYN_S ($100 in chips) 
Seat 3: peak joker33 ($112.89 in chips) 
Seat 4: ReVeu710 ($100 in chips) 
Seat 5: Joe_Li7 ($100 in chips) 
Seat 6: vk101014 ($100.10 in chips) 
ReVeu710: posts small blind $0.50
Joe_Li7: posts big blind $1
*** HOLE CARDS ***
vk101014: raises $1 to $2
MAO_DZEDYN_S: folds 
peak joker33: folds 
ReVeu710: folds 
Joe_Li7: calls $1
*** FLOP *** [2d 3h 5h]
Joe_Li7: checks 
vk101014: checks 
*** TURN *** [2d 3h 5h] [Th]
Joe_Li7: bets $3.67
vk101014: calls $3.67
*** RIVER *** [2d 3h 5h Th] [4d]
Joe_Li7: bets $9.83
vk101014: calls $9.83
*** SHOW DOWN ***
Joe_Li7: shows [4s 6s] (a straight, Deuce to Six)
vk101014: shows [6h Ac] (a straight, Deuce to Six)
Joe_Li7 collected $14.96 from pot
vk101014 collected $14.96 from pot
*** SUMMARY ***
Total pot $31.50 | Rake $1.58 
Board [2d 3h 5h Th 4d]
Seat 1: Eredar5
Seat 2: MAO_DZEDYN_S folded before Flop (didn't bet)
Seat 3: peak joker33 (button) folded before Flop (didn't bet)
Seat 4: ReVeu710 (small blind) folded before Flop
Seat 5: Joe_Li7 (big blind) showed [4s 6s] and won ($14.96) with a straight, Deuce to Six
Seat 6: vk101014 showed [6h Ac] and won ($14.96) with a straight, Deuce to Six



PokerStars Hand #254485192330:  Hold'em No Limit ($0.50/$1.00 USD) - 2025/01/21 16:17:54 WET [2025/01/21 11:17:54 ET]
Table 'Halaesus IV' 6-max Seat #4 is the button
Seat 1: Eredar5 ($100 in chips) is sitting out
Seat 2: MAO_DZEDYN_S ($100 in chips) 
Seat 3: peak joker33 ($112.89 in chips) 
Seat 4: ReVeu710 ($100 in chips) 
Seat 5: Joe_Li7 ($100 in chips) 
Seat 6: vk101014 ($99.56 in chips) 
Joe_Li7: posts small blind $0.50
vk101014: posts big blind $1
*** HOLE CARDS ***
MAO_DZEDYN_S: folds 
peak joker33: folds 
ReVeu710: folds 
Joe_Li7: folds 
Uncalled bet ($0.50) returned to vk101014
vk101014 collected $1 from pot
vk101014: doesn't show hand 
*** SUMMARY ***
Total pot $1 | Rake $0 
Seat 1: Eredar5
Seat 2: MAO_DZEDYN_S folded before Flop (didn't bet)
Seat 3: peak joker33 folded before Flop (didn't bet)
Seat 4: ReVeu710 (button) folded before Flop (didn't bet)
Seat 5: Joe_Li7 (small blind) folded before Flop
Seat 6: vk101014 (big blind) collected ($1)



PokerStars Hand #254485194950:  Hold'em No Limit ($0.50/$1.00 USD) - 2025/01/21 16:18:06 WET [2025/01/21 11:18:06 ET]
Table 'Halaesus IV' 6-max Seat #5 is the button
Seat 1: Eredar5 ($100 in chips) is sitting out
Seat 2: MAO_DZEDYN_S ($100 in chips) 
Seat 3: peak joker33 ($112.89 in chips) 
Seat 4: ReVeu710 ($100 in chips) 
Seat 5: Joe_Li7 ($100 in chips) 
Seat 6: vk101014 ($100.06 in chips) 
vk101014: posts small blind $0.50
MAO_DZEDYN_S: posts big blind $1
*** HOLE CARDS ***
peak joker33: folds 
ReVeu710: folds 
Joe_Li7: folds 
vk101014: calls $0.50
MAO_DZEDYN_S: checks 
*** FLOP *** [Ad Qc Th]
vk101014: bets $2
MAO_DZEDYN_S: folds 
Uncalled bet ($2) returned to vk101014
vk101014 collected $1.90 from pot
vk101014: doesn't show hand 
*** SUMMARY ***
Total pot $2 | Rake $0.10 
Board [Ad Qc Th]
Seat 1: Eredar5
Seat 2: MAO_DZEDYN_S (big blind) folded on the Flop
Seat 3: peak joker33 folded before Flop (didn't bet)
Seat 4: ReVeu710 folded before Flop (didn't bet)
Seat 5: Joe_Li7 (button) folded before Flop (didn't bet)
Seat 6: vk101014 (small blind) collected ($1.90)



PokerStars Hand #254485200814:  Hold'em No Limit ($0.50/$1.00 USD) - 2025/01/21 16:18:32 WET [2025/01/21 11:18:32 ET]
Table 'Halaesus IV' 6-max Seat #6 is the button
Seat 1: Eredar5 ($100 in chips) is sitting out
Seat 2: MAO_DZEDYN_S ($100 in chips) 
Seat 3: peak joker33 ($112.89 in chips) 
Seat 4: ReVeu710 ($100 in chips) 
Seat 5: Joe_Li7 ($100 in chips) 
Seat 6: vk101014 ($100.96 in chips) 
MAO_DZEDYN_S: posts small blind $0.50
peak joker33: posts big blind $1
*** HOLE CARDS ***
ReVeu710: raises $1 to $2
Joe_Li7: folds 
vk101014: folds 
MAO_DZEDYN_S: raises $8.43 to $10.43
peak joker33: folds 
ReVeu710: folds 
Uncalled bet ($8.43) returned to MAO_DZEDYN_S
MAO_DZEDYN_S collected $5 from pot
MAO_DZEDYN_S: doesn't show hand 
*** SUMMARY ***
Total pot $5 | Rake $0 
Seat 1: Eredar5
Seat 2: MAO_DZEDYN_S (small blind) collected ($5)
Seat 3: peak joker33 (big blind) folded before Flop
Seat 4: ReVeu710 folded before Flop
Seat 5: Joe_Li7 folded before Flop (didn't bet)
Seat 6: vk101014 (button) folded before Flop (didn't bet)



PokerStars Hand #254485205818:  Hold'em No Limit ($0.50/$1.00 USD) - 2025/01/21 16:18:54 WET [2025/01/21 11:18:54 ET]
Table 'Halaesus IV' 6-max Seat #2 is the button
Seat 1: Eredar5 ($100 in chips) is sitting out
Seat 2: MAO_DZEDYN_S ($103 in chips) 
Seat 3: peak joker33 ($111.89 in chips) 
Seat 4: ReVeu710 ($100 in chips) 
Seat 5: Joe_Li7 ($100 in chips) 
Seat 6: vk101014 ($100.96 in chips) 
peak joker33: posts small blind $0.50
ReVeu710: posts big blind $1
*** HOLE CARDS ***
Joe_Li7: folds 
vk101014: raises $1 to $2
MAO_DZEDYN_S: raises $4 to $6
peak joker33: folds 
ReVeu710: folds 
vk101014: calls $4
*** FLOP *** [6s 7d Ks]
vk101014: checks 
MAO_DZEDYN_S: bets $9.62
vk101014: calls $9.62
*** TURN *** [6s 7d Ks] [8c]
vk101014: checks 
MAO_DZEDYN_S: checks 
*** RIVER *** [6s 7d Ks 8c] [7h]
vk101014: bets $14
MAO_DZEDYN_S: folds 
Uncalled bet ($14) returned to vk101014
vk101014 collected $31.10 from pot
vk101014: doesn't show hand 
*** SUMMARY ***
Total pot $32.74 | Rake $1.64 
Board [6s 7d Ks 8c 7h]
Seat 1: Eredar5
Seat 2: MAO_DZEDYN_S (button) folded on the River
Seat 3: peak joker33 (small blind) folded before Flop
Seat 4: ReVeu710 (big blind) folded before Flop
Seat 5: Joe_Li7 folded before Flop (didn't bet)
Seat 6: vk101014 collected ($31.10)



PokerStars Hand #254485222728:  Hold'em No Limit ($0.50/$1.00 USD) - 2025/01/21 16:20:10 WET [2025/01/21 11:20:10 ET]
Table 'Halaesus IV' 6-max Seat #3 is the button
Seat 1: Eredar5 ($100 in chips) is sitting out
Seat 2: MAO_DZEDYN_S ($100 in chips) 
Seat 3: peak joker33 ($111.39 in chips) 
Seat 4: ReVeu710 ($100 in chips) 
Seat 5: Joe_Li7 ($100 in chips) 
Seat 6: vk101014 ($116.44 in chips) 
ReVeu710: posts small blind $0.50
Joe_Li7: posts big blind $1
Eredar5: sits out 
*** HOLE CARDS ***
vk101014: folds 
MAO_DZEDYN_S: folds 
peak joker33: folds 
ReVeu710: raises $2 to $3
Joe_Li7: folds 
Uncalled bet ($2) returned to ReVeu710
ReVeu710 collected $2 from pot
ReVeu710: doesn't show hand 
*** SUMMARY ***
Total pot $2 | Rake $0 
Seat 1: Eredar5
Seat 2: MAO_DZEDYN_S folded before Flop (didn't bet)
Seat 3: peak joker33 (button) folded before Flop (didn't bet)
Seat 4: ReVeu710 (small blind) collected ($2)
Seat 5: Joe_Li7 (big blind) folded before Flop
Seat 6: vk101014 folded before Flop (didn't bet)



PokerStars Hand #254485225717:  Hold'em No Limit ($0.50/$1.00 USD) - 2025/01/21 16:20:24 WET [2025/01/21 11:20:24 ET]
Table 'Halaesus IV' 6-max Seat #4 is the button
Seat 1: Eredar5 ($100 in chips) is sitting out
Seat 2: MAO_DZEDYN_S ($100 in chips) 
Seat 3: peak joker33 ($111.39 in chips) 
Seat 4: ReVeu710 ($101 in chips) 
Seat 5: Joe_Li7 ($100 in chips) 
Seat 6: vk101014 ($116.44 in chips) 
Joe_Li7: posts small blind $0.50
vk101014: posts big blind $1
Eredar5: sits out 
*** HOLE CARDS ***
MAO_DZEDYN_S: folds 
peak joker33: raises $1.50 to $2.50
ReVeu710: folds 
Joe_Li7: folds 
vk101014: calls $1.50
*** FLOP *** [8h 8s 5h]
vk101014: bets $3
peak joker33: calls $3
*** TURN *** [8h 8s 5h] [Ah]
vk101014: checks 
peak joker33: checks 
*** RIVER *** [8h 8s 5h Ah] [Qd]
vk101014: checks 
peak joker33: checks 
*** SHOW DOWN ***
vk101014: shows [5d Ts] (two pair, Eights and Fives)
peak joker33: mucks hand 
vk101014 collected $10.92 from pot
*** SUMMARY ***
Total pot $11.50 | Rake $0.58 
Board [8h 8s 5h Ah Qd]
Seat 1: Eredar5
Seat 2: MAO_DZEDYN_S folded before Flop (didn't bet)
Seat 3: peak joker33 mucked
Seat 4: ReVeu710 (button) folded before Flop (didn't bet)
Seat 5: Joe_Li7 (small blind) folded before Flop
Seat 6: vk101014 (big blind) showed [5d Ts] and won ($10.92) with two pair, Eights and Fives



PokerStars Hand #254485233837:  Hold'em No Limit ($0.50/$1.00 USD) - 2025/01/21 16:21:01 WET [2025/01/21 11:21:01 ET]
Table 'Halaesus IV' 6-max Seat #5 is the button
Seat 1: Eredar5 ($100 in chips) 
Seat 2: MAO_DZEDYN_S ($100 in chips) 
Seat 3: peak joker33 ($105.89 in chips) 
Seat 4: ReVeu710 ($101 in chips) 
Seat 5: Joe_Li7 ($100 in chips) 
Seat 6: vk101014 ($121.86 in chips) 
vk101014: posts small blind $0.50
Eredar5: posts big blind $1
*** HOLE CARDS ***
MAO_DZEDYN_S: folds 
peak joker33: folds 
ReVeu710: folds 
Joe_Li7: raises $1.50 to $2.50
vk101014: folds 
Eredar5: folds 
Uncalled bet ($1.50) returned to Joe_Li7
Joe_Li7 collected $2.50 from pot
*** SUMMARY ***
Total pot $2.50 | Rake $0 
Seat 1: Eredar5 (big blind) folded before Flop
Seat 2: MAO_DZEDYN_S folded before Flop (didn't bet)
Seat 3: peak joker33 folded before Flop (didn't bet)
Seat 4: ReVeu710 folded before Flop (didn't bet)
Seat 5: Joe_Li7 (button) collected ($2.50)
Seat 6: vk101014 (small blind) folded before Flop



PokerStars Hand #254485237837:  Hold'em No Limit ($0.50/$1.00 USD) - 2025/01/21 16:21:19 WET [2025/01/21 11:21:19 ET]
Table 'Halaesus IV' 6-max Seat #6 is the button
Seat 1: Eredar5 ($100 in chips) 
Seat 2: MAO_DZEDYN_S ($100 in chips) 
Seat 3: peak joker33 ($105.89 in chips) 
Seat 4: ReVeu710 ($101 in chips) 
Seat 5: Joe_Li7 ($101.50 in chips) 
Seat 6: vk101014 ($121.36 in chips) 
Eredar5: posts small blind $0.50
MAO_DZEDYN_S: posts big blind $1
*** HOLE CARDS ***
peak joker33: folds 
ReVeu710: raises $1 to $2
Joe_Li7: folds 
vk101014: calls $2
Eredar5: folds 
MAO_DZEDYN_S: folds 
*** FLOP *** [9c Jh 5h]
ReVeu710: bets $1.30
vk101014: calls $1.30
*** TURN *** [9c Jh 5h] [8s]
ReVeu710: checks 
vk101014: bets $3.85
ReVeu710: calls $3.85
*** RIVER *** [9c Jh 5h 8s] [Kd]
ReVeu710: checks 
vk101014: bets $6.51
ReVeu710: folds 
Uncalled bet ($6.51) returned to vk101014
vk101014 collected $15.01 from pot
vk101014: doesn't show hand 
*** SUMMARY ***
Total pot $15.80 | Rake $0.79 
Board [9c Jh 5h 8s Kd]
Seat 1: Eredar5 (small blind) folded before Flop
Seat 2: MAO_DZEDYN_S (big blind) folded before Flop
Seat 3: peak joker33 folded before Flop (didn't bet)
Seat 4: ReVeu710 folded on the River
Seat 5: Joe_Li7 folded before Flop (didn't bet)
Seat 6: vk101014 (button) collected ($15.01)



PokerStars Hand #254485244734:  Hold'em No Limit ($0.50/$1.00 USD) - 2025/01/21 16:21:51 WET [2025/01/21 11:21:51 ET]
Table 'Halaesus IV' 6-max Seat #1 is the button
Seat 1: Eredar5 ($100 in chips) 
Seat 2: MAO_DZEDYN_S ($100 in chips) 
Seat 3: peak joker33 ($105.89 in chips) 
Seat 4: ReVeu710 ($100 in chips) 
Seat 5: Joe_Li7 ($101.50 in chips) 
Seat 6: vk101014 ($129.22 in chips) 
MAO_DZEDYN_S: posts small blind $0.50
peak joker33: posts big blind $1
*** HOLE CARDS ***
ReVeu710: folds 
Joe_Li7: folds 
vk101014: folds 
vk101014 leaves the table
ReVeu710 leaves the table
Eredar5: folds 
MAO_DZEDYN_S: folds 
Uncalled bet ($0.50) returned to peak joker33
peak joker33 collected $1 from pot
peak joker33: doesn't show hand 
*** SUMMARY ***
Total pot $1 | Rake $0 
Seat 1: Eredar5 (button) folded before Flop (didn't bet)
Seat 2: MAO_DZEDYN_S (small blind) folded before Flop
Seat 3: peak joker33 (big blind) collected ($1)
Seat 4: ReVeu710 folded before Flop (didn't bet)
Seat 5: Joe_Li7 folded before Flop (didn't bet)
Seat 6: vk101014 folded before Flop (didn't bet)



PokerStars Hand #254485248658:  Hold'em No Limit ($0.50/$1.00 USD) - 2025/01/21 16:22:09 WET [2025/01/21 11:22:09 ET]
Table 'Halaesus IV' 6-max Seat #2 is the button
Seat 1: Eredar5 ($100 in chips) 
Seat 2: MAO_DZEDYN_S ($100 in chips) 
Seat 3: peak joker33 ($106.39 in chips) 
Seat 5: Joe_Li7 ($101.50 in chips) 
peak joker33: posts small blind $0.50
Joe_Li7: posts big blind $1
*** HOLE CARDS ***
Eredar5: raises $1.50 to $2.50
MAO_DZEDYN_S: folds 
peak joker33: folds 
Joe_Li7: folds 
Uncalled bet ($1.50) returned to Eredar5
Eredar5 collected $2.50 from pot
Eredar5: doesn't show hand 
*** SUMMARY ***
Total pot $2.50 | Rake $0 
Seat 1: Eredar5 collected ($2.50)
Seat 2: MAO_DZEDYN_S (button) folded before Flop (didn't bet)
Seat 3: peak joker33 (small blind) folded before Flop
Seat 5: Joe_Li7 (big blind) folded before Flop



PokerStars Hand #254485251882:  Hold'em No Limit ($0.50/$1.00 USD) - 2025/01/21 16:22:24 WET [2025/01/21 11:22:24 ET]
Table 'Halaesus IV' 6-max Seat #5 is the button
Seat 1: Eredar5 ($101.50 in chips) is sitting out
Seat 2: MAO_DZEDYN_S ($100 in chips) is sitting out
Seat 3: peak joker33 ($105.89 in chips) 
Seat 5: Joe_Li7 ($100.50 in chips) 
Joe_Li7: posts small blind $0.50
Eredar5: is sitting out 
MAO_DZEDYN_S: is sitting out 
peak joker33: posts big blind $1
*** HOLE CARDS ***
Eredar5 leaves the table
MAO_DZEDYN_S leaves the table
Joe_Li7: folds 
Uncalled bet ($0.50) returned to peak joker33
peak joker33 collected $1 from pot
peak joker33: doesn't show hand 
*** SUMMARY ***
Total pot $1 | Rake $0 
Seat 1: Eredar5
Seat 2: MAO_DZEDYN_S
Seat 3: peak joker33 (big blind) collected ($1)
Seat 5: Joe_Li7 (button) (small blind) folded before Flop



PokerStars Hand #254485303732:  Hold'em No Limit ($0.50/$1.00 USD) - 2025/01/21 16:26:21 WET [2025/01/21 11:26:21 ET]
Table 'Halaesus IV' 6-max Seat #6 is the button
Seat 2: 3EPH ($100 in chips) 
Seat 4: MAO_DZEDYN_S ($100 in chips) 
Seat 6: RAidakCo ($118.73 in chips) 
3EPH: posts small blind $0.50
MAO_DZEDYN_S: posts big blind $1
*** HOLE CARDS ***
RAidakCo: folds 
3EPH: folds 
Uncalled bet ($0.50) returned to MAO_DZEDYN_S
MAO_DZEDYN_S collected $1 from pot
MAO_DZEDYN_S: doesn't show hand 
*** SUMMARY ***
Total pot $1 | Rake $0 
Seat 2: 3EPH (small blind) folded before Flop
Seat 4: MAO_DZEDYN_S (big blind) collected ($1)
Seat 6: RAidakCo (button) folded before Flop (didn't bet)



PokerStars Hand #254485306634:  Hold'em No Limit ($0.50/$1.00 USD) - 2025/01/21 16:26:34 WET [2025/01/21 11:26:34 ET]
Table 'Halaesus IV' 6-max Seat #2 is the button
Seat 2: 3EPH ($100 in chips) 
Seat 4: MAO_DZEDYN_S ($100.50 in chips) 
Seat 6: RAidakCo ($118.73 in chips) 
MAO_DZEDYN_S: posts small blind $0.50
RAidakCo: posts big blind $1
*** HOLE CARDS ***
3EPH: folds 
MAO_DZEDYN_S: folds 
Uncalled bet ($0.50) returned to RAidakCo
RAidakCo collected $1 from pot
RAidakCo: doesn't show hand 
*** SUMMARY ***
Total pot $1 | Rake $0 
Seat 2: 3EPH (button) folded before Flop (didn't bet)
Seat 4: MAO_DZEDYN_S (small blind) folded before Flop
Seat 6: RAidakCo (big blind) collected ($1)



PokerStars Hand #254485310946:  Hold'em No Limit ($0.50/$1.00 USD) - 2025/01/21 16:26:53 WET [2025/01/21 11:26:53 ET]
Table 'Halaesus IV' 6-max Seat #4 is the button
Seat 2: 3EPH ($100 in chips) 
Seat 4: MAO_DZEDYN_S ($100 in chips) 
Seat 6: RAidakCo ($119.23 in chips) 
RAidakCo: posts small blind $0.50
3EPH: posts big blind $1
*** HOLE CARDS ***
MAO_DZEDYN_S: folds 
RAidakCo: folds 
Uncalled bet ($0.50) returned to 3EPH
3EPH collected $1 from pot
3EPH: doesn't show hand 
*** SUMMARY ***
Total pot $1 | Rake $0 
Seat 2: 3EPH (big blind) collected ($1)
Seat 4: MAO_DZEDYN_S (button) folded before Flop (didn't bet)
Seat 6: RAidakCo (small blind) folded before Flop



PokerStars Hand #254485316055:  Hold'em No Limit ($0.50/$1.00 USD) - 2025/01/21 16:27:17 WET [2025/01/21 11:27:17 ET]
Table 'Halaesus IV' 6-max Seat #6 is the button
Seat 2: 3EPH ($100.50 in chips) 
Seat 4: MAO_DZEDYN_S ($100 in chips) 
Seat 6: RAidakCo ($118.73 in chips) 
3EPH: posts small blind $0.50
MAO_DZEDYN_S: posts big blind $1
*** HOLE CARDS ***
RAidakCo: folds 
3EPH: folds 
Uncalled bet ($0.50) returned to MAO_DZEDYN_S
MAO_DZEDYN_S collected $1 from pot
MAO_DZEDYN_S: doesn't show hand 
*** SUMMARY ***
Total pot $1 | Rake $0 
Seat 2: 3EPH (small blind) folded before Flop
Seat 4: MAO_DZEDYN_S (big blind) collected ($1)
Seat 6: RAidakCo (button) folded before Flop (didn't bet)



PokerStars Hand #254485317437:  Hold'em No Limit ($0.50/$1.00 USD) - 2025/01/21 16:27:24 WET [2025/01/21 11:27:24 ET]
Table 'Halaesus IV' 6-max Seat #2 is the button
Seat 2: 3EPH ($100 in chips) 
Seat 4: MAO_DZEDYN_S ($100.50 in chips) 
Seat 6: RAidakCo ($118.73 in chips) 
MAO_DZEDYN_S: posts small blind $0.50
RAidakCo: posts big blind $1
*** HOLE CARDS ***
3EPH: raises $1.50 to $2.50
MAO_DZEDYN_S: folds 
RAidakCo: calls $1.50
*** FLOP *** [4c 2s As]
RAidakCo: checks 
3EPH: bets $1.72
RAidakCo: folds 
Uncalled bet ($1.72) returned to 3EPH
3EPH collected $5.22 from pot
3EPH: doesn't show hand 
*** SUMMARY ***
Total pot $5.50 | Rake $0.28 
Board [4c 2s As]
Seat 2: 3EPH (button) collected ($5.22)
Seat 4: MAO_DZEDYN_S (small blind) folded before Flop
Seat 6: RAidakCo (big blind) folded on the Flop



PokerStars Hand #254485323041:  Hold'em No Limit ($0.50/$1.00 USD) - 2025/01/21 16:27:50 WET [2025/01/21 11:27:50 ET]
Table 'Halaesus IV' 6-max Seat #6 is the button
Seat 2: 3EPH ($102.72 in chips) is sitting out
Seat 4: MAO_DZEDYN_S ($100 in chips) 
Seat 6: RAidakCo ($116.23 in chips) 
RAidakCo: posts small blind $0.50
3EPH: is sitting out 
MAO_DZEDYN_S: posts big blind $1
*** HOLE CARDS ***
RAidakCo: folds 
Uncalled bet ($0.50) returned to MAO_DZEDYN_S
3EPH leaves the table
MAO_DZEDYN_S collected $1 from pot
MAO_DZEDYN_S: doesn't show hand 
*** SUMMARY ***
Total pot $1 | Rake $0 
Seat 2: 3EPH
Seat 4: MAO_DZEDYN_S (big blind) collected ($1)
Seat 6: RAidakCo (button) (small blind) folded before Flop



PokerStars Hand #254485353570:  Hold'em No Limit ($0.50/$1.00 USD) - 2025/01/21 16:30:10 WET [2025/01/21 11:30:10 ET]
Table 'Halaesus IV' 6-max Seat #1 is the button
Seat 1: Evelexy1 ($80 in chips) 
Seat 2: Brookstj500 ($40 in chips) 
Seat 3: Gfoer ($100 in chips) 
Seat 4: MAO_DZEDYN_S ($100.50 in chips) 
Seat 5: IREQO ($100 in chips) 
Seat 6: RAidakCo ($115.73 in chips) 
Brookstj500: posts small blind $0.50
Gfoer: posts big blind $1
*** HOLE CARDS ***
MAO_DZEDYN_S: folds 
IREQO: raises $1.50 to $2.50
RAidakCo: raises $4.50 to $7
Evelexy1: folds 
Brookstj500: folds 
Gfoer: folds 
IREQO: folds 
Uncalled bet ($4.50) returned to RAidakCo
RAidakCo collected $6.50 from pot
RAidakCo: doesn't show hand 
*** SUMMARY ***
Total pot $6.50 | Rake $0 
Seat 1: Evelexy1 (button) folded before Flop (didn't bet)
Seat 2: Brookstj500 (small blind) folded before Flop
Seat 3: Gfoer (big blind) folded before Flop
Seat 4: MAO_DZEDYN_S folded before Flop (didn't bet)
Seat 5: IREQO folded before Flop
Seat 6: RAidakCo collected ($6.50)



PokerStars Hand #254485358646:  Hold'em No Limit ($0.50/$1.00 USD) - 2025/01/21 16:30:34 WET [2025/01/21 11:30:34 ET]
Table 'Halaesus IV' 6-max Seat #2 is the button
Seat 1: Evelexy1 ($100 in chips) 
Seat 2: Brookstj500 ($39.50 in chips) 
Seat 3: Gfoer ($100 in chips) 
Seat 4: MAO_DZEDYN_S ($100.50 in chips) 
Seat 5: IREQO ($100 in chips) 
Seat 6: RAidakCo ($119.73 in chips) 
Gfoer: posts small blind $0.50
MAO_DZEDYN_S: posts big blind $1
*** HOLE CARDS ***
IREQO: folds 
RAidakCo: raises $1.20 to $2.20
Evelexy1: folds 
Brookstj500: folds 
Gfoer: folds 
MAO_DZEDYN_S: calls $1.20
*** FLOP *** [6h Js 4c]
MAO_DZEDYN_S: checks 
RAidakCo: bets $1.54
MAO_DZEDYN_S: calls $1.54
*** TURN *** [6h Js 4c] [5h]
MAO_DZEDYN_S: checks 
RAidakCo: checks 
*** RIVER *** [6h Js 4c 5h] [Jd]
Evelexy1 leaves the table
MAO_DZEDYN_S: checks 
RAidakCo: checks 
*** SHOW DOWN ***
MAO_DZEDYN_S: shows [5c 5s] (a full house, Fives full of Jacks)
RAidakCo: mucks hand 
MAO_DZEDYN_S collected $7.58 from pot
*** SUMMARY ***
Total pot $7.98 | Rake $0.40 
Board [6h Js 4c 5h Jd]
Seat 1: Evelexy1 folded before Flop (didn't bet)
Seat 2: Brookstj500 (button) folded before Flop (didn't bet)
Seat 3: Gfoer (small blind) folded before Flop
Seat 4: MAO_DZEDYN_S (big blind) showed [5c 5s] and won ($7.58) with a full house, Fives full of Jacks
Seat 5: IREQO folded before Flop (didn't bet)
Seat 6: RAidakCo mucked



PokerStars Hand #254485380918:  Hold'em No Limit ($0.50/$1.00 USD) - 2025/01/21 16:32:15 WET [2025/01/21 11:32:15 ET]
Table 'Halaesus IV' 6-max Seat #3 is the button
Seat 2: Brookstj500 ($39.50 in chips) 
Seat 3: Gfoer ($100 in chips) 
Seat 4: MAO_DZEDYN_S ($104.34 in chips) 
Seat 5: IREQO ($100 in chips) 
Seat 6: RAidakCo ($115.99 in chips) 
MAO_DZEDYN_S: posts small blind $0.50
IREQO: posts big blind $1
*** HOLE CARDS ***
RAidakCo: raises $1 to $2
Brookstj500: folds 
Gfoer: folds 
MAO_DZEDYN_S: folds 
IREQO: folds 
Uncalled bet ($1) returned to RAidakCo
RAidakCo collected $2.50 from pot
RAidakCo: doesn't show hand 
*** SUMMARY ***
Total pot $2.50 | Rake $0 
Seat 2: Brookstj500 folded before Flop (didn't bet)
Seat 3: Gfoer (button) folded before Flop (didn't bet)
Seat 4: MAO_DZEDYN_S (small blind) folded before Flop
Seat 5: IREQO (big blind) folded before Flop
Seat 6: RAidakCo collected ($2.50)



PokerStars Hand #254485384283:  Hold'em No Limit ($0.50/$1.00 USD) - 2025/01/21 16:32:31 WET [2025/01/21 11:32:31 ET]
Table 'Halaesus IV' 6-max Seat #4 is the button
Seat 2: Brookstj500 ($39.50 in chips) 
Seat 3: Gfoer ($100 in chips) 
Seat 4: MAO_DZEDYN_S ($103.84 in chips) 
Seat 5: IREQO ($100 in chips) 
Seat 6: RAidakCo ($117.49 in chips) 
IREQO: posts small blind $0.50
RAidakCo: posts big blind $1
*** HOLE CARDS ***
Brookstj500: calls $1
Gfoer: folds 
MAO_DZEDYN_S: folds 
Pon4uk.ua joins the table at seat #1 
IREQO: folds 
RAidakCo: raises $4 to $5
Brookstj500: folds 
Uncalled bet ($4) returned to RAidakCo
RAidakCo collected $2.50 from pot
RAidakCo: doesn't show hand 
*** SUMMARY ***
Total pot $2.50 | Rake $0 
Seat 2: Brookstj500 folded before Flop
Seat 3: Gfoer folded before Flop (didn't bet)
Seat 4: MAO_DZEDYN_S (button) folded before Flop (didn't bet)
Seat 5: IREQO (small blind) folded before Flop
Seat 6: RAidakCo (big blind) collected ($2.50)



PokerStars Hand #254485390454:  Hold'em No Limit ($0.50/$1.00 USD) - 2025/01/21 16:32:58 WET [2025/01/21 11:32:58 ET]
Table 'Halaesus IV' 6-max Seat #5 is the button
Seat 1: Pon4uk.ua ($100 in chips) 
Seat 2: Brookstj500 ($38.50 in chips) 
Seat 3: Gfoer ($100 in chips) 
Seat 4: MAO_DZEDYN_S ($103.84 in chips) 
Seat 5: IREQO ($100 in chips) 
Seat 6: RAidakCo ($118.99 in chips) 
RAidakCo: posts small blind $0.50
Pon4uk.ua: posts big blind $1
*** HOLE CARDS ***
Brookstj500: folds 
Gfoer: folds 
MAO_DZEDYN_S: folds 
IREQO: raises $1.50 to $2.50
RAidakCo: folds 
Pon4uk.ua: folds 
Uncalled bet ($1.50) returned to IREQO
IREQO collected $2.50 from pot
IREQO: doesn't show hand 
*** SUMMARY ***
Total pot $2.50 | Rake $0 
Seat 1: Pon4uk.ua (big blind) folded before Flop
Seat 2: Brookstj500 folded before Flop (didn't bet)
Seat 3: Gfoer folded before Flop (didn't bet)
Seat 4: MAO_DZEDYN_S folded before Flop (didn't bet)
Seat 5: IREQO (button) collected ($2.50)
Seat 6: RAidakCo (small blind) folded before Flop



PokerStars Hand #254485396946:  Hold'em No Limit ($0.50/$1.00 USD) - 2025/01/21 16:33:28 WET [2025/01/21 11:33:28 ET]
Table 'Halaesus IV' 6-max Seat #6 is the button
Seat 1: Pon4uk.ua ($100 in chips) 
Seat 2: Brookstj500 ($38.50 in chips) 
Seat 3: Gfoer ($100 in chips) 
Seat 4: MAO_DZEDYN_S ($103.84 in chips) 
Seat 5: IREQO ($101.50 in chips) 
Seat 6: RAidakCo ($118.49 in chips) 
Pon4uk.ua: posts small blind $0.50
Brookstj500: posts big blind $1
*** HOLE CARDS ***
Gfoer: folds 
MAO_DZEDYN_S: folds 
IREQO: folds 
RAidakCo: folds 
Pon4uk.ua: raises $1.75 to $2.75
Brookstj500: calls $1.75
*** FLOP *** [9c Ad 7d]
Pon4uk.ua: checks 
Brookstj500: bets $6
Pon4uk.ua: folds 
Uncalled bet ($6) returned to Brookstj500
Brookstj500 collected $5.22 from pot
Brookstj500: doesn't show hand 
*** SUMMARY ***
Total pot $5.50 | Rake $0.28 
Board [9c Ad 7d]
Seat 1: Pon4uk.ua (small blind) folded on the Flop
Seat 2: Brookstj500 (big blind) collected ($5.22)
Seat 3: Gfoer folded before Flop (didn't bet)
Seat 4: MAO_DZEDYN_S folded before Flop (didn't bet)
Seat 5: IREQO folded before Flop (didn't bet)
Seat 6: RAidakCo (button) folded before Flop (didn't bet)



PokerStars Hand #254485406853:  Hold'em No Limit ($0.50/$1.00 USD) - 2025/01/21 16:34:13 WET [2025/01/21 11:34:13 ET]
Table 'Halaesus IV' 6-max Seat #1 is the button
Seat 1: Pon4uk.ua ($100 in chips) 
Seat 2: Brookstj500 ($40.97 in chips) 
Seat 3: Gfoer ($100 in chips) 
Seat 4: MAO_DZEDYN_S ($103.84 in chips) 
Seat 5: IREQO ($101.50 in chips) 
Seat 6: RAidakCo ($118.49 in chips) 
Brookstj500: posts small blind $0.50
Gfoer: posts big blind $1
*** HOLE CARDS ***
MAO_DZEDYN_S: folds 
IREQO: folds 
MAO_DZEDYN_S leaves the table
RAidakCo: folds 
Pon4uk.ua: folds 
Brookstj500: calls $0.50
Gfoer: checks 
*** FLOP *** [7s 9d 5h]
Brookstj500: bets $2
Gfoer: folds 
Uncalled bet ($2) returned to Brookstj500
Brookstj500 collected $1.90 from pot
Brookstj500: doesn't show hand 
*** SUMMARY ***
Total pot $2 | Rake $0.10 
Board [7s 9d 5h]
Seat 1: Pon4uk.ua (button) folded before Flop (didn't bet)
Seat 2: Brookstj500 (small blind) collected ($1.90)
Seat 3: Gfoer (big blind) folded on the Flop
Seat 4: MAO_DZEDYN_S folded before Flop (didn't bet)
Seat 5: IREQO folded before Flop (didn't bet)
Seat 6: RAidakCo folded before Flop (didn't bet)



PokerStars Hand #254485418903:  Hold'em No Limit ($0.50/$1.00 USD) - 2025/01/21 16:35:07 WET [2025/01/21 11:35:07 ET]
Table 'Halaesus IV' 6-max Seat #2 is the button
Seat 1: Pon4uk.ua ($100 in chips) 
Seat 2: Brookstj500 ($41.87 in chips) 
Seat 3: Gfoer ($100 in chips) 
Seat 5: IREQO ($101.50 in chips) 
Seat 6: RAidakCo ($118.49 in chips) 
Gfoer: posts small blind $0.50
IREQO: posts big blind $1
*** HOLE CARDS ***
RAidakCo: raises $1.20 to $2.20
Pon4uk.ua: folds 
Brookstj500: folds 
Gfoer: folds 
IREQO: folds 
Uncalled bet ($1.20) returned to RAidakCo
RAidakCo collected $2.50 from pot
RAidakCo: doesn't show hand 
*** SUMMARY ***
Total pot $2.50 | Rake $0 
Seat 1: Pon4uk.ua folded before Flop (didn't bet)
Seat 2: Brookstj500 (button) folded before Flop (didn't bet)
Seat 3: Gfoer (small blind) folded before Flop
Seat 5: IREQO (big blind) folded before Flop
Seat 6: RAidakCo collected ($2.50)



PokerStars Hand #254485424597:  Hold'em No Limit ($0.50/$1.00 USD) - 2025/01/21 16:35:33 WET [2025/01/21 11:35:33 ET]
Table 'Halaesus IV' 6-max Seat #3 is the button
Seat 1: Pon4uk.ua ($100 in chips) 
Seat 2: Brookstj500 ($41.87 in chips) 
Seat 3: Gfoer ($100 in chips) 
Seat 5: IREQO ($100.50 in chips) 
Seat 6: RAidakCo ($119.99 in chips) 
IREQO: posts small blind $0.50
RAidakCo: posts big blind $1
*** HOLE CARDS ***
Pon4uk.ua: raises $1 to $2
Brookstj500: folds 
Gfoer: folds 
IREQO: folds 
RAidakCo: folds 
Uncalled bet ($1) returned to Pon4uk.ua
Pon4uk.ua collected $2.50 from pot
Pon4uk.ua: doesn't show hand 
*** SUMMARY ***
Total pot $2.50 | Rake $0 
Seat 1: Pon4uk.ua collected ($2.50)
Seat 2: Brookstj500 folded before Flop (didn't bet)
Seat 3: Gfoer (button) folded before Flop (didn't bet)
Seat 5: IREQO (small blind) folded before Flop
Seat 6: RAidakCo (big blind) folded before Flop



PokerStars Hand #254485427961:  Hold'em No Limit ($0.50/$1.00 USD) - 2025/01/21 16:35:48 WET [2025/01/21 11:35:48 ET]
Table 'Halaesus IV' 6-max Seat #5 is the button
Seat 1: Pon4uk.ua ($101.50 in chips) 
Seat 2: Brookstj500 ($41.87 in chips) 
Seat 3: Gfoer ($100 in chips) 
Seat 5: IREQO ($100 in chips) 
Seat 6: RAidakCo ($118.99 in chips) 
RAidakCo: posts small blind $0.50
Pon4uk.ua: posts big blind $1
*** HOLE CARDS ***
Brookstj500: folds 
Gfoer: folds 
IREQO: folds 
RAidakCo: folds 
Uncalled bet ($0.50) returned to Pon4uk.ua
Pon4uk.ua collected $1 from pot
Pon4uk.ua: doesn't show hand 
*** SUMMARY ***
Total pot $1 | Rake $0 
Seat 1: Pon4uk.ua (big blind) collected ($1)
Seat 2: Brookstj500 folded before Flop (didn't bet)
Seat 3: Gfoer folded before Flop (didn't bet)
Seat 5: IREQO (button) folded before Flop (didn't bet)
Seat 6: RAidakCo (small blind) folded before Flop



PokerStars Hand #254485430766:  Hold'em No Limit ($0.50/$1.00 USD) - 2025/01/21 16:36:00 WET [2025/01/21 11:36:00 ET]
Table 'Halaesus IV' 6-max Seat #6 is the button
Seat 1: Pon4uk.ua ($102 in chips) 
Seat 2: Brookstj500 ($41.87 in chips) 
Seat 3: Gfoer ($100 in chips) 
Seat 5: IREQO ($100 in chips) 
Seat 6: RAidakCo ($118.49 in chips) 
Pon4uk.ua: posts small blind $0.50
Brookstj500: posts big blind $1
*** HOLE CARDS ***
Gfoer: folds 
IREQO: folds 
RAidakCo: raises $1.50 to $2.50
Pon4uk.ua: folds 
Brookstj500: folds 
Uncalled bet ($1.50) returned to RAidakCo
RAidakCo collected $2.50 from pot
RAidakCo: doesn't show hand 
*** SUMMARY ***
Total pot $2.50 | Rake $0 
Seat 1: Pon4uk.ua (small blind) folded before Flop
Seat 2: Brookstj500 (big blind) folded before Flop
Seat 3: Gfoer folded before Flop (didn't bet)
Seat 5: IREQO folded before Flop (didn't bet)
Seat 6: RAidakCo (button) collected ($2.50)



PokerStars Hand #254485435071:  Hold'em No Limit ($0.50/$1.00 USD) - 2025/01/21 16:36:20 WET [2025/01/21 11:36:20 ET]
Table 'Halaesus IV' 6-max Seat #1 is the button
Seat 1: Pon4uk.ua ($101.50 in chips) 
Seat 2: Brookstj500 ($40.87 in chips) 
Seat 3: Gfoer ($100 in chips) 
Seat 5: IREQO ($100 in chips) 
Seat 6: RAidakCo ($119.99 in chips) 
Brookstj500: posts small blind $0.50
Gfoer: posts big blind $1
*** HOLE CARDS ***
IREQO: folds 
RAidakCo: folds 
Pon4uk.ua: folds 
Brookstj500: folds 
Uncalled bet ($0.50) returned to Gfoer
Gfoer collected $1 from pot
Gfoer: doesn't show hand 
*** SUMMARY ***
Total pot $1 | Rake $0 
Seat 1: Pon4uk.ua (button) folded before Flop (didn't bet)
Seat 2: Brookstj500 (small blind) folded before Flop
Seat 3: Gfoer (big blind) collected ($1)
Seat 5: IREQO folded before Flop (didn't bet)
Seat 6: RAidakCo folded before Flop (didn't bet)



PokerStars Hand #254485437485:  Hold'em No Limit ($0.50/$1.00 USD) - 2025/01/21 16:36:31 WET [2025/01/21 11:36:31 ET]
Table 'Halaesus IV' 6-max Seat #2 is the button
Seat 1: Pon4uk.ua ($101.50 in chips) 
Seat 2: Brookstj500 ($40.37 in chips) 
Seat 3: Gfoer ($100.50 in chips) 
Seat 5: IREQO ($100 in chips) 
Seat 6: RAidakCo ($119.99 in chips) 
Gfoer: posts small blind $0.50
IREQO: posts big blind $1
*** HOLE CARDS ***
RAidakCo: folds 
Pon4uk.ua: folds 
Brookstj500: calls $1
Gfoer: folds 
IREQO: checks 
*** FLOP *** [6s Qd Td]
IREQO: checks 
Brookstj500: checks 
*** TURN *** [6s Qd Td] [Ks]
IREQO: checks 
Brookstj500: bets $2.38
IREQO: calls $2.38
*** RIVER *** [6s Qd Td Ks] [7d]
IREQO: checks 
2g00d4youu joins the table at seat #4 
Brookstj500: bets $6.90
IREQO: folds 
Uncalled bet ($6.90) returned to Brookstj500
Brookstj500 collected $6.90 from pot
Brookstj500: doesn't show hand 
*** SUMMARY ***
Total pot $7.26 | Rake $0.36 
Board [6s Qd Td Ks 7d]
Seat 1: Pon4uk.ua folded before Flop (didn't bet)
Seat 2: Brookstj500 (button) collected ($6.90)
Seat 3: Gfoer (small blind) folded before Flop
Seat 5: IREQO (big blind) folded on the River
Seat 6: RAidakCo folded before Flop (didn't bet)



PokerStars Hand #254485456193:  Hold'em No Limit ($0.50/$1.00 USD) - 2025/01/21 16:37:55 WET [2025/01/21 11:37:55 ET]
Table 'Halaesus IV' 6-max Seat #3 is the button
Seat 4: 2g00d4youu ($105.12 in chips) is sitting out
Seat 1: Pon4uk.ua ($101.50 in chips) 
Seat 2: Brookstj500 ($43.89 in chips) 
Seat 3: Gfoer ($100 in chips) 
Seat 5: IREQO ($100 in chips) 
Seat 6: RAidakCo ($119.99 in chips) 
IREQO: posts small blind $0.50
RAidakCo: posts big blind $1
*** HOLE CARDS ***
Pon4uk.ua has timed out
Pon4uk.ua: folds 
Brookstj500: folds 
Gfoer: raises $1 to $2
IREQO: folds 
RAidakCo: folds 
Uncalled bet ($1) returned to Gfoer
Gfoer collected $2.50 from pot
Gfoer: doesn't show hand 
*** SUMMARY ***
Total pot $2.50 | Rake $0 
Seat 4: 2g00d4youu
Seat 1: Pon4uk.ua folded before Flop (didn't bet)
Seat 2: Brookstj500 folded before Flop (didn't bet)
Seat 3: Gfoer (button) collected ($2.50)
Seat 5: IREQO (small blind) folded before Flop
Seat 6: RAidakCo (big blind) folded before Flop



PokerStars Hand #254485462129:  Hold'em No Limit ($0.50/$1.00 USD) - 2025/01/21 16:38:22 WET [2025/01/21 11:38:22 ET]
Table 'Halaesus IV' 6-max Seat #5 is the button
Seat 4: 2g00d4youu ($105.12 in chips) is sitting out
Seat 1: Pon4uk.ua ($101.50 in chips) 
Seat 2: Brookstj500 ($43.89 in chips) 
Seat 3: Gfoer ($101.50 in chips) 
Seat 5: IREQO ($100 in chips) 
Seat 6: RAidakCo ($118.99 in chips) 
RAidakCo: posts small blind $0.50
Pon4uk.ua: posts big blind $1
2g00d4youu: sits out 
*** HOLE CARDS ***
Brookstj500: calls $1
Gfoer: folds 
IREQO: raises $4 to $5
RAidakCo: folds 
Pon4uk.ua: folds 
Brookstj500: folds 
Uncalled bet ($4) returned to IREQO
IREQO collected $3.50 from pot
IREQO: doesn't show hand 
*** SUMMARY ***
Total pot $3.50 | Rake $0 
Seat 4: 2g00d4youu
Seat 1: Pon4uk.ua (big blind) folded before Flop
Seat 2: Brookstj500 folded before Flop
Seat 3: Gfoer folded before Flop (didn't bet)
Seat 5: IREQO (button) collected ($3.50)
Seat 6: RAidakCo (small blind) folded before Flop



PokerStars Hand #254485468320:  Hold'em No Limit ($0.50/$1.00 USD) - 2025/01/21 16:38:50 WET [2025/01/21 11:38:50 ET]
Table 'Halaesus IV' 6-max Seat #6 is the button
Seat 4: 2g00d4youu ($105.12 in chips) is sitting out
Seat 1: Pon4uk.ua ($100.50 in chips) 
Seat 2: Brookstj500 ($42.89 in chips) 
Seat 3: Gfoer ($101.50 in chips) 
Seat 5: IREQO ($102.50 in chips) 
Seat 6: RAidakCo ($118.49 in chips) 
Pon4uk.ua: posts small blind $0.50
Brookstj500: posts big blind $1
2g00d4youu: sits out 
*** HOLE CARDS ***
Gfoer: folds 
IREQO: folds 
RAidakCo: folds 
Pon4uk.ua: raises $1.75 to $2.75
Brookstj500: raises $7.25 to $10
Pon4uk.ua: folds 
Uncalled bet ($7.25) returned to Brookstj500
Brookstj500 collected $5.50 from pot
Brookstj500: doesn't show hand 
*** SUMMARY ***
Total pot $5.50 | Rake $0 
Seat 4: 2g00d4youu
Seat 1: Pon4uk.ua (small blind) folded before Flop
Seat 2: Brookstj500 (big blind) collected ($5.50)
Seat 3: Gfoer folded before Flop (didn't bet)
Seat 5: IREQO folded before Flop (didn't bet)
Seat 6: RAidakCo (button) folded before Flop (didn't bet)



PokerStars Hand #254485474471:  Hold'em No Limit ($0.50/$1.00 USD) - 2025/01/21 16:39:18 WET [2025/01/21 11:39:18 ET]
Table 'Halaesus IV' 6-max Seat #1 is the button
Seat 4: 2g00d4youu ($105.12 in chips) is sitting out
Seat 1: Pon4uk.ua ($100 in chips) 
Seat 2: Brookstj500 ($45.64 in chips) 
Seat 3: Gfoer ($101.50 in chips) 
Seat 5: IREQO ($102.50 in chips) 
Seat 6: RAidakCo ($118.49 in chips) 
Brookstj500: posts small blind $0.50
Gfoer: posts big blind $1
2g00d4youu: sits out 
*** HOLE CARDS ***
IREQO: raises $1.50 to $2.50
RAidakCo: folds 
Pon4uk.ua: folds 
Brookstj500: calls $2
Gfoer: folds 
*** FLOP *** [6c 8h Qc]
Brookstj500: checks 
IREQO: bets $1.88
Brookstj500: calls $1.88
*** TURN *** [6c 8h Qc] [Qh]
Brookstj500: checks 
IREQO: checks 
*** RIVER *** [6c 8h Qc Qh] [3d]
Brookstj500: checks 
IREQO: checks 
*** SHOW DOWN ***
Brookstj500: shows [8s 9s] (two pair, Queens and Eights)
IREQO: mucks hand 
Brookstj500 collected $9.27 from pot
*** SUMMARY ***
Total pot $9.76 | Rake $0.49 
Board [6c 8h Qc Qh 3d]
Seat 4: 2g00d4youu
Seat 1: Pon4uk.ua (button) folded before Flop (didn't bet)
Seat 2: Brookstj500 (small blind) showed [8s 9s] and won ($9.27) with two pair, Queens and Eights
Seat 3: Gfoer (big blind) folded before Flop
Seat 5: IREQO mucked
Seat 6: RAidakCo folded before Flop (didn't bet)



PokerStars Hand #254485492007:  Hold'em No Limit ($0.50/$1.00 USD) - 2025/01/21 16:40:38 WET [2025/01/21 11:40:38 ET]
Table 'Halaesus IV' 6-max Seat #2 is the button
Seat 1: Pon4uk.ua ($100 in chips) 
Seat 2: Brookstj500 ($50.53 in chips) 
Seat 3: Gfoer ($100.50 in chips) 
Seat 4: 2g00d4youu ($105.12 in chips) 
Seat 5: IREQO ($100 in chips) 
Seat 6: RAidakCo ($118.49 in chips) 
Gfoer: posts small blind $0.50
2g00d4youu: posts big blind $1
*** HOLE CARDS ***
IREQO: folds 
RAidakCo: folds 
Pon4uk.ua: raises $1.50 to $2.50
Brookstj500: calls $2.50
Gfoer: folds 
2g00d4youu: folds 
*** FLOP *** [Ac 2d Qc]
Pon4uk.ua: bets $3.09
Brookstj500: calls $3.09
*** TURN *** [Ac 2d Qc] [7d]
Pon4uk.ua: checks 
Brookstj500: checks 
*** RIVER *** [Ac 2d Qc 7d] [4c]
Pon4uk.ua: bets $4
Brookstj500: raises $10 to $14
Pon4uk.ua: folds 
Uncalled bet ($10) returned to Brookstj500
Brookstj500 collected $19.65 from pot
Brookstj500: doesn't show hand 
*** SUMMARY ***
Total pot $20.68 | Rake $1.03 
Board [Ac 2d Qc 7d 4c]
Seat 1: Pon4uk.ua folded on the River
Seat 2: Brookstj500 (button) collected ($19.65)
Seat 3: Gfoer (small blind) folded before Flop
Seat 4: 2g00d4youu (big blind) folded before Flop
Seat 5: IREQO folded before Flop (didn't bet)
Seat 6: RAidakCo folded before Flop (didn't bet)



PokerStars Hand #254485510437:  Hold'em No Limit ($0.50/$1.00 USD) - 2025/01/21 16:41:59 WET [2025/01/21 11:41:59 ET]
Table 'Halaesus IV' 6-max Seat #3 is the button
Seat 1: Pon4uk.ua ($100 in chips) 
Seat 2: Brookstj500 ($60.59 in chips) 
Seat 3: Gfoer ($100 in chips) 
Seat 4: 2g00d4youu ($104.12 in chips) 
Seat 5: IREQO ($100 in chips) 
Seat 6: RAidakCo ($118.49 in chips) 
2g00d4youu: posts small blind $0.50
IREQO: posts big blind $1
*** HOLE CARDS ***
RAidakCo: folds 
Pon4uk.ua: folds 
Brookstj500: folds 
Gfoer: raises $1 to $2
2g00d4youu: raises $8 to $10
IREQO: folds 
Gfoer: raises $11 to $21
2g00d4youu: folds 
Uncalled bet ($11) returned to Gfoer
Gfoer collected $21 from pot
Gfoer: doesn't show hand 
*** SUMMARY ***
Total pot $21 | Rake $0 
Seat 1: Pon4uk.ua folded before Flop (didn't bet)
Seat 2: Brookstj500 folded before Flop (didn't bet)
Seat 3: Gfoer (button) collected ($21)
Seat 4: 2g00d4youu (small blind) folded before Flop
Seat 5: IREQO (big blind) folded before Flop
Seat 6: RAidakCo folded before Flop (didn't bet)



PokerStars Hand #254485519947:  Hold'em No Limit ($0.50/$1.00 USD) - 2025/01/21 16:42:42 WET [2025/01/21 11:42:42 ET]
Table 'Halaesus IV' 6-max Seat #4 is the button
Seat 1: Pon4uk.ua ($100 in chips) 
Seat 2: Brookstj500 ($60.59 in chips) 
Seat 3: Gfoer ($111 in chips) 
Seat 4: 2g00d4youu ($100 in chips) 
Seat 5: IREQO ($100 in chips) 
Seat 6: RAidakCo ($118.49 in chips) 
IREQO: posts small blind $0.50
RAidakCo: posts big blind $1
*** HOLE CARDS ***
Pon4uk.ua: raises $1 to $2
Brookstj500: folds 
Gfoer: folds 
2g00d4youu: folds 
IREQO: folds 
RAidakCo: raises $10 to $12
Pon4uk.ua: calls $10
*** FLOP *** [Qd 6d 2d]
RAidakCo: bets $7.68
Pon4uk.ua: folds 
Uncalled bet ($7.68) returned to RAidakCo
RAidakCo collected $23.28 from pot
RAidakCo: doesn't show hand 
*** SUMMARY ***
Total pot $24.50 | Rake $1.22 
Board [Qd 6d 2d]
Seat 1: Pon4uk.ua folded on the Flop
Seat 2: Brookstj500 folded before Flop (didn't bet)
Seat 3: Gfoer folded before Flop (didn't bet)
Seat 4: 2g00d4youu (button) folded before Flop (didn't bet)
Seat 5: IREQO (small blind) folded before Flop
Seat 6: RAidakCo (big blind) collected ($23.28)



PokerStars Hand #254485528869:  Hold'em No Limit ($0.50/$1.00 USD) - 2025/01/21 16:43:23 WET [2025/01/21 11:43:23 ET]
Table 'Halaesus IV' 6-max Seat #5 is the button
Seat 1: Pon4uk.ua ($100 in chips) 
Seat 2: Brookstj500 ($60.59 in chips) 
Seat 3: Gfoer ($111 in chips) 
Seat 4: 2g00d4youu ($100 in chips) 
Seat 5: IREQO ($100 in chips) 
Seat 6: RAidakCo ($129.77 in chips) 
RAidakCo: posts small blind $0.50
Pon4uk.ua: posts big blind $1
*** HOLE CARDS ***
Brookstj500: calls $1
Gfoer: folds 
2g00d4youu: folds 
IREQO: folds 
RAidakCo: calls $0.50
Pon4uk.ua: checks 
*** FLOP *** [2d Tc 2h]
RAidakCo: bets $2.14
Pon4uk.ua: folds 
Brookstj500: folds 
Uncalled bet ($2.14) returned to RAidakCo
RAidakCo collected $2.85 from pot
RAidakCo: doesn't show hand 
*** SUMMARY ***
Total pot $3 | Rake $0.15 
Board [2d Tc 2h]
Seat 1: Pon4uk.ua (big blind) folded on the Flop
Seat 2: Brookstj500 folded on the Flop
Seat 3: Gfoer folded before Flop (didn't bet)
Seat 4: 2g00d4youu folded before Flop (didn't bet)
Seat 5: IREQO (button) folded before Flop (didn't bet)
Seat 6: RAidakCo (small blind) collected ($2.85)



PokerStars Hand #254485536179:  Hold'em No Limit ($0.50/$1.00 USD) - 2025/01/21 16:43:55 WET [2025/01/21 11:43:55 ET]
Table 'Halaesus IV' 6-max Seat #6 is the button
Seat 1: Pon4uk.ua ($100 in chips) 
Seat 2: Brookstj500 ($59.59 in chips) 
Seat 3: Gfoer ($111 in chips) 
Seat 4: 2g00d4youu ($100 in chips) 
Seat 5: IREQO ($100 in chips) 
Seat 6: RAidakCo ($131.62 in chips) 
Pon4uk.ua: posts small blind $0.50
Brookstj500: posts big blind $1
*** HOLE CARDS ***
Gfoer: raises $1.20 to $2.20
2g00d4youu: folds 
IREQO: folds 
RAidakCo: folds 
Pon4uk.ua: folds 
Brookstj500: folds 
Uncalled bet ($1.20) returned to Gfoer
Gfoer collected $2.50 from pot
Gfoer: doesn't show hand 
*** SUMMARY ***
Total pot $2.50 | Rake $0 
Seat 1: Pon4uk.ua (small blind) folded before Flop
Seat 2: Brookstj500 (big blind) folded before Flop
Seat 3: Gfoer collected ($2.50)
Seat 4: 2g00d4youu folded before Flop (didn't bet)
Seat 5: IREQO folded before Flop (didn't bet)
Seat 6: RAidakCo (button) folded before Flop (didn't bet)



PokerStars Hand #254485540034:  Hold'em No Limit ($0.50/$1.00 USD) - 2025/01/21 16:44:12 WET [2025/01/21 11:44:12 ET]
Table 'Halaesus IV' 6-max Seat #1 is the button
Seat 1: Pon4uk.ua ($100 in chips) 
Seat 2: Brookstj500 ($58.59 in chips) 
Seat 3: Gfoer ($112.50 in chips) 
Seat 4: 2g00d4youu ($100 in chips) 
Seat 5: IREQO ($100 in chips) 
Seat 6: RAidakCo ($131.62 in chips) 
Brookstj500: posts small blind $0.50
Gfoer: posts big blind $1
*** HOLE CARDS ***
2g00d4youu: folds 
IREQO: folds 
RAidakCo: folds 
Pon4uk.ua: folds 
Brookstj500: calls $0.50
Gfoer: checks 
*** FLOP *** [Kh 6c Jd]
Brookstj500: bets $2
Gfoer: calls $2
*** TURN *** [Kh 6c Jd] [8c]
Brookstj500: bets $5.70
Gfoer: folds 
Uncalled bet ($5.70) returned to Brookstj500
Brookstj500 collected $5.70 from pot
*** SUMMARY ***
Total pot $6 | Rake $0.30 
Board [Kh 6c Jd 8c]
Seat 1: Pon4uk.ua (button) folded before Flop (didn't bet)
Seat 2: Brookstj500 (small blind) collected ($5.70)
Seat 3: Gfoer (big blind) folded on the Turn
Seat 4: 2g00d4youu folded before Flop (didn't bet)
Seat 5: IREQO folded before Flop (didn't bet)
Seat 6: RAidakCo folded before Flop (didn't bet)



PokerStars Hand #254485549308:  Hold'em No Limit ($0.50/$1.00 USD) - 2025/01/21 16:44:53 WET [2025/01/21 11:44:53 ET]
Table 'Halaesus IV' 6-max Seat #2 is the button
Seat 1: Pon4uk.ua ($100 in chips) 
Seat 2: Brookstj500 ($61.29 in chips) 
Seat 3: Gfoer ($109.50 in chips) 
Seat 4: 2g00d4youu ($100 in chips) 
Seat 5: IREQO ($100 in chips) 
Seat 6: RAidakCo ($131.62 in chips) 
Gfoer: posts small blind $0.50
2g00d4youu: posts big blind $1
*** HOLE CARDS ***
IREQO: folds 
RAidakCo: folds 
Pon4uk.ua: folds 
Brookstj500: calls $1
Gfoer: folds 
2g00d4youu: checks 
*** FLOP *** [3d 4h 9s]
2g00d4youu: checks 
Brookstj500: bets $3
2g00d4youu: calls $3
*** TURN *** [3d 4h 9s] [Jc]
2g00d4youu: checks 
Brookstj500: checks 
*** RIVER *** [3d 4h 9s Jc] [2h]
2g00d4youu: checks 
Brookstj500: checks 
*** SHOW DOWN ***
2g00d4youu: shows [4c 5s] (a pair of Fours)
Brookstj500: mucks hand 
2g00d4youu collected $8.08 from pot
*** SUMMARY ***
Total pot $8.50 | Rake $0.42 
Board [3d 4h 9s Jc 2h]
Seat 1: Pon4uk.ua folded before Flop (didn't bet)
Seat 2: Brookstj500 (button) mucked
Seat 3: Gfoer (small blind) folded before Flop
Seat 4: 2g00d4youu (big blind) showed [4c 5s] and won ($8.08) with a pair of Fours
Seat 5: IREQO folded before Flop (didn't bet)
Seat 6: RAidakCo folded before Flop (didn't bet)



PokerStars Hand #254485558119:  Hold'em No Limit ($0.50/$1.00 USD) - 2025/01/21 16:45:32 WET [2025/01/21 11:45:32 ET]
Table 'Halaesus IV' 6-max Seat #3 is the button
Seat 1: Pon4uk.ua ($100 in chips) 
Seat 2: Brookstj500 ($57.29 in chips) 
Seat 3: Gfoer ($109 in chips) 
Seat 4: 2g00d4youu ($104.08 in chips) 
Seat 5: IREQO ($100 in chips) 
Seat 6: RAidakCo ($131.62 in chips) 
2g00d4youu: posts small blind $0.50
IREQO: posts big blind $1
*** HOLE CARDS ***
RAidakCo: folds 
Pon4uk.ua: folds 
Brookstj500: raises $2.50 to $3.50
Gfoer: folds 
2g00d4youu: folds 
IREQO: folds 
Uncalled bet ($2.50) returned to Brookstj500
Brookstj500 collected $2.50 from pot
Brookstj500: doesn't show hand 
*** SUMMARY ***
Total pot $2.50 | Rake $0 
Seat 1: Pon4uk.ua folded before Flop (didn't bet)
Seat 2: Brookstj500 collected ($2.50)
Seat 3: Gfoer (button) folded before Flop (didn't bet)
Seat 4: 2g00d4youu (small blind) folded before Flop
Seat 5: IREQO (big blind) folded before Flop
Seat 6: RAidakCo folded before Flop (didn't bet)



PokerStars Hand #254485561832:  Hold'em No Limit ($0.50/$1.00 USD) - 2025/01/21 16:45:49 WET [2025/01/21 11:45:49 ET]
Table 'Halaesus IV' 6-max Seat #4 is the button
Seat 1: Pon4uk.ua ($100 in chips) 
Seat 2: Brookstj500 ($58.79 in chips) 
Seat 3: Gfoer ($109 in chips) 
Seat 4: 2g00d4youu ($103.58 in chips) 
Seat 5: IREQO ($99 in chips) 
Seat 6: RAidakCo ($131.62 in chips) 
IREQO: posts small blind $0.50
RAidakCo: posts big blind $1
*** HOLE CARDS ***
Pon4uk.ua: folds 
Brookstj500: calls $1
Gfoer: folds 
2g00d4youu: folds 
IREQO: folds 
RAidakCo: raises $3 to $4
Brookstj500: calls $3
*** FLOP *** [4h 3h 5h]
RAidakCo: checks 
Brookstj500: checks 
*** TURN *** [4h 3h 5h] [Ah]
RAidakCo: checks 
Brookstj500: bets $8.08
RAidakCo: folds 
Uncalled bet ($8.08) returned to Brookstj500
Brookstj500 collected $8.08 from pot
Brookstj500: doesn't show hand 
*** SUMMARY ***
Total pot $8.50 | Rake $0.42 
Board [4h 3h 5h Ah]
Seat 1: Pon4uk.ua folded before Flop (didn't bet)
Seat 2: Brookstj500 collected ($8.08)
Seat 3: Gfoer folded before Flop (didn't bet)
Seat 4: 2g00d4youu (button) folded before Flop (didn't bet)
Seat 5: IREQO (small blind) folded before Flop
Seat 6: RAidakCo (big blind) folded on the Turn



PokerStars Hand #254485572841:  Hold'em No Limit ($0.50/$1.00 USD) - 2025/01/21 16:46:38 WET [2025/01/21 11:46:38 ET]
Table 'Halaesus IV' 6-max Seat #5 is the button
Seat 1: Pon4uk.ua ($100 in chips) 
Seat 2: Brookstj500 ($62.87 in chips) 
Seat 3: Gfoer ($109 in chips) 
Seat 4: 2g00d4youu ($103.58 in chips) 
Seat 5: IREQO ($98.50 in chips) 
Seat 6: RAidakCo ($127.62 in chips) 
RAidakCo: posts small blind $0.50
Pon4uk.ua: posts big blind $1
*** HOLE CARDS ***
Brookstj500: folds 
Gfoer: folds 
2g00d4youu: raises $1.50 to $2.50
IREQO: raises $4.87 to $7.37
RAidakCo: folds 
Pon4uk.ua: folds 
2g00d4youu: folds 
Uncalled bet ($4.87) returned to IREQO
IREQO collected $6.50 from pot
IREQO: doesn't show hand 
*** SUMMARY ***
Total pot $6.50 | Rake $0 
Seat 1: Pon4uk.ua (big blind) folded before Flop
Seat 2: Brookstj500 folded before Flop (didn't bet)
Seat 3: Gfoer folded before Flop (didn't bet)
Seat 4: 2g00d4youu folded before Flop
Seat 5: IREQO (button) collected ($6.50)
Seat 6: RAidakCo (small blind) folded before Flop



PokerStars Hand #254485579212:  Hold'em No Limit ($0.50/$1.00 USD) - 2025/01/21 16:47:06 WET [2025/01/21 11:47:06 ET]
Table 'Halaesus IV' 6-max Seat #6 is the button
Seat 1: Pon4uk.ua ($100 in chips) 
Seat 2: Brookstj500 ($62.87 in chips) 
Seat 3: Gfoer ($109 in chips) 
Seat 4: 2g00d4youu ($101.08 in chips) 
Seat 5: IREQO ($102.50 in chips) 
Seat 6: RAidakCo ($127.12 in chips) 
Pon4uk.ua: posts small blind $0.50
Brookstj500: posts big blind $1
*** HOLE CARDS ***
Gfoer: folds 
2g00d4youu: raises $1.50 to $2.50
IREQO: folds 
RAidakCo: folds 
Pon4uk.ua: folds 
Brookstj500: folds 
Uncalled bet ($1.50) returned to 2g00d4youu
2g00d4youu collected $2.50 from pot
2g00d4youu: doesn't show hand 
*** SUMMARY ***
Total pot $2.50 | Rake $0 
Seat 1: Pon4uk.ua (small blind) folded before Flop
Seat 2: Brookstj500 (big blind) folded before Flop
Seat 3: Gfoer folded before Flop (didn't bet)
Seat 4: 2g00d4youu collected ($2.50)
Seat 5: IREQO folded before Flop (didn't bet)
Seat 6: RAidakCo (button) folded before Flop (didn't bet)



PokerStars Hand #254485585415:  Hold'em No Limit ($0.50/$1.00 USD) - 2025/01/21 16:47:34 WET [2025/01/21 11:47:34 ET]
Table 'Halaesus IV' 6-max Seat #1 is the button
Seat 1: Pon4uk.ua ($100 in chips) 
Seat 2: Brookstj500 ($61.87 in chips) 
Seat 3: Gfoer ($109 in chips) 
Seat 4: 2g00d4youu ($102.58 in chips) 
Seat 5: IREQO ($102.50 in chips) 
Seat 6: RAidakCo ($127.12 in chips) 
Brookstj500: posts small blind $0.50
Gfoer: posts big blind $1
*** HOLE CARDS ***
2g00d4youu: folds 
IREQO: folds 
RAidakCo: raises $1.20 to $2.20
Pon4uk.ua: raises $5.30 to $7.50
Brookstj500: folds 
Gfoer: folds 
RAidakCo: raises $15.50 to $23
Pon4uk.ua: calls $15.50
*** FLOP *** [6d 9d Qc]
RAidakCo: bets $14.89
Pon4uk.ua: folds 
Uncalled bet ($14.89) returned to RAidakCo
RAidakCo collected $45.12 from pot
RAidakCo: doesn't show hand 
*** SUMMARY ***
Total pot $47.50 | Rake $2.38 
Board [6d 9d Qc]
Seat 1: Pon4uk.ua (button) folded on the Flop
Seat 2: Brookstj500 (small blind) folded before Flop
Seat 3: Gfoer (big blind) folded before Flop
Seat 4: 2g00d4youu folded before Flop (didn't bet)
Seat 5: IREQO folded before Flop (didn't bet)
Seat 6: RAidakCo collected ($45.12)



PokerStars Hand #254485600374:  Hold'em No Limit ($0.50/$1.00 USD) - 2025/01/21 16:48:41 WET [2025/01/21 11:48:41 ET]
Table 'Halaesus IV' 6-max Seat #2 is the button
Seat 1: Pon4uk.ua ($100 in chips) 
Seat 2: Brookstj500 ($61.37 in chips) 
Seat 3: Gfoer ($108 in chips) 
Seat 4: 2g00d4youu ($102.58 in chips) 
Seat 5: IREQO ($102.50 in chips) 
Seat 6: RAidakCo ($149.24 in chips) 
Gfoer: posts small blind $0.50
2g00d4youu: posts big blind $1
*** HOLE CARDS ***
IREQO: folds 
RAidakCo: folds 
Pon4uk.ua: folds 
Brookstj500: folds 
Gfoer: folds 
Uncalled bet ($0.50) returned to 2g00d4youu
2g00d4youu collected $1 from pot
2g00d4youu: doesn't show hand 
*** SUMMARY ***
Total pot $1 | Rake $0 
Seat 1: Pon4uk.ua folded before Flop (didn't bet)
Seat 2: Brookstj500 (button) folded before Flop (didn't bet)
Seat 3: Gfoer (small blind) folded before Flop
Seat 4: 2g00d4youu (big blind) collected ($1)
Seat 5: IREQO folded before Flop (didn't bet)
Seat 6: RAidakCo folded before Flop (didn't bet)



PokerStars Hand #254485603813:  Hold'em No Limit ($0.50/$1.00 USD) - 2025/01/21 16:48:57 WET [2025/01/21 11:48:57 ET]
Table 'Halaesus IV' 6-max Seat #3 is the button
Seat 1: Pon4uk.ua ($100 in chips) 
Seat 2: Brookstj500 ($61.37 in chips) 
Seat 3: Gfoer ($107.50 in chips) 
Seat 4: 2g00d4youu ($103.08 in chips) 
Seat 5: IREQO ($102.50 in chips) 
Seat 6: RAidakCo ($149.24 in chips) 
2g00d4youu: posts small blind $0.50
IREQO: posts big blind $1
*** HOLE CARDS ***
RAidakCo: folds 
Pon4uk.ua: folds 
Brookstj500: calls $1
Gfoer: raises $3.50 to $4.50
2g00d4youu: folds 
IREQO: folds 
Brookstj500: folds 
Uncalled bet ($3.50) returned to Gfoer
Gfoer collected $3.50 from pot
Gfoer: doesn't show hand 
*** SUMMARY ***
Total pot $3.50 | Rake $0 
Seat 1: Pon4uk.ua folded before Flop (didn't bet)
Seat 2: Brookstj500 folded before Flop
Seat 3: Gfoer (button) collected ($3.50)
Seat 4: 2g00d4youu (small blind) folded before Flop
Seat 5: IREQO (big blind) folded before Flop
Seat 6: RAidakCo folded before Flop (didn't bet)



PokerStars Hand #254485609102:  Hold'em No Limit ($0.50/$1.00 USD) - 2025/01/21 16:49:21 WET [2025/01/21 11:49:21 ET]
Table 'Halaesus IV' 6-max Seat #4 is the button
Seat 1: Pon4uk.ua ($100 in chips) 
Seat 2: Brookstj500 ($60.37 in chips) 
Seat 3: Gfoer ($110 in chips) 
Seat 4: 2g00d4youu ($102.58 in chips) 
Seat 5: IREQO ($101.50 in chips) 
Seat 6: RAidakCo ($149.24 in chips) 
IREQO: posts small blind $0.50
RAidakCo: posts big blind $1
*** HOLE CARDS ***
Pon4uk.ua: folds 
Brookstj500: folds 
Gfoer: raises $1.20 to $2.20
2g00d4youu: folds 
IREQO: folds 
RAidakCo: folds 
Uncalled bet ($1.20) returned to Gfoer
Gfoer collected $2.50 from pot
Gfoer: doesn't show hand 
*** SUMMARY ***
Total pot $2.50 | Rake $0 
Seat 1: Pon4uk.ua folded before Flop (didn't bet)
Seat 2: Brookstj500 folded before Flop (didn't bet)
Seat 3: Gfoer collected ($2.50)
Seat 4: 2g00d4youu (button) folded before Flop (didn't bet)
Seat 5: IREQO (small blind) folded before Flop
Seat 6: RAidakCo (big blind) folded before Flop



PokerStars Hand #254485614938:  Hold'em No Limit ($0.50/$1.00 USD) - 2025/01/21 16:49:47 WET [2025/01/21 11:49:47 ET]
Table 'Halaesus IV' 6-max Seat #5 is the button
Seat 1: Pon4uk.ua ($100 in chips) 
Seat 2: Brookstj500 ($60.37 in chips) 
Seat 3: Gfoer ($111.50 in chips) 
Seat 4: 2g00d4youu ($102.58 in chips) 
Seat 5: IREQO ($101 in chips) 
Seat 6: RAidakCo ($148.24 in chips) 
RAidakCo: posts small blind $0.50
Pon4uk.ua: posts big blind $1
*** HOLE CARDS ***
Brookstj500: folds 
Brookstj500 leaves the table
Gfoer: folds 
2g00d4youu: raises $1.50 to $2.50
IREQO: folds 
RAidakCo: folds 
Pon4uk.ua: calls $1.50
*** FLOP *** [7h 9d 4d]
Pon4uk.ua: checks 
2g00d4youu: bets $3.92
Pon4uk.ua: folds 
Uncalled bet ($3.92) returned to 2g00d4youu
2g00d4youu collected $5.22 from pot
2g00d4youu: doesn't show hand 
*** SUMMARY ***
Total pot $5.50 | Rake $0.28 
Board [7h 9d 4d]
Seat 1: Pon4uk.ua (big blind) folded on the Flop
Seat 2: Brookstj500 folded before Flop (didn't bet)
Seat 3: Gfoer folded before Flop (didn't bet)
Seat 4: 2g00d4youu collected ($5.22)
Seat 5: IREQO (button) folded before Flop (didn't bet)
Seat 6: RAidakCo (small blind) folded before Flop



PokerStars Hand #254485627704:  Hold'em No Limit ($0.50/$1.00 USD) - 2025/01/21 16:50:44 WET [2025/01/21 11:50:44 ET]
Table 'Halaesus IV' 6-max Seat #6 is the button
Seat 3: Gfoer ($111.50 in chips) is sitting out
Seat 4: 2g00d4youu ($105.30 in chips) is sitting out
Seat 1: Pon4uk.ua ($100 in chips) 
Seat 5: IREQO ($101 in chips) 
Seat 6: RAidakCo ($147.74 in chips) 
Pon4uk.ua: posts small blind $0.50
Gfoer: is sitting out 
2g00d4youu: is sitting out 
IREQO: posts big blind $1
*** HOLE CARDS ***
RAidakCo: raises $1.50 to $2.50
Gfoer leaves the table
Pon4uk.ua: folds 
2g00d4youu leaves the table
IREQO: folds 
Uncalled bet ($1.50) returned to RAidakCo
RAidakCo collected $2.50 from pot
RAidakCo: doesn't show hand 
*** SUMMARY ***
Total pot $2.50 | Rake $0 
Seat 3: Gfoer
Seat 4: 2g00d4youu
Seat 1: Pon4uk.ua (small blind) folded before Flop
Seat 5: IREQO (big blind) folded before Flop
Seat 6: RAidakCo (button) collected ($2.50)



PokerStars Hand #254485633651:  Hold'em No Limit ($0.50/$1.00 USD) - 2025/01/21 16:51:11 WET [2025/01/21 11:51:11 ET]
Table 'Halaesus IV' 6-max Seat #1 is the button
Seat 1: Pon4uk.ua ($100 in chips) 
Seat 5: IREQO ($100 in chips) 
Seat 6: RAidakCo ($149.24 in chips) 
IREQO: posts small blind $0.50
RAidakCo: posts big blind $1
*** HOLE CARDS ***
Pon4uk.ua: raises $1.50 to $2.50
IREQO: folds 
RAidakCo: calls $1.50
*** FLOP *** [3s 7d 4d]
RAidakCo: bets $1.72
Pon4uk.ua: folds 
Uncalled bet ($1.72) returned to RAidakCo
RAidakCo collected $5.22 from pot
RAidakCo: doesn't show hand 
*** SUMMARY ***
Total pot $5.50 | Rake $0.28 
Board [3s 7d 4d]
Seat 1: Pon4uk.ua (button) folded on the Flop
Seat 5: IREQO (small blind) folded before Flop
Seat 6: RAidakCo (big blind) collected ($5.22)



