PokerStars Hand #254489143488:  Hold'em No Limit ($0.50/$1.00 USD) - 2025/01/21 20:26:01 WET [2025/01/21 15:26:01 ET]
Table 'Bohmia IV' 6-max Seat #6 is the button
Seat 1: michasia ($101.50 in chips) is sitting out
Seat 4: Unipoker11 ($102.41 in chips) 
Seat 6: AIien Hand ($102.11 in chips) 
AIien Hand: posts small blind $0.50
michasia: is sitting out 
Unipoker11: posts big blind $1
*** HOLE CARDS ***
AIien Hand: raises $1.50 to $2.50
michasia leaves the table
michasia joins the table at seat #2 
Unipoker11: calls $1.50
*** FLOP *** [6d 2s 3c]
Unipoker11: checks 
AIien Hand: checks 
*** TURN *** [6d 2s 3c] [8s]
Unipoker11: checks 
AIien Hand: checks 
*** RIVER *** [6d 2s 3c 8s] [Ac]
Unipoker11: checks 
AIien Hand: checks 
*** SHOW DOWN ***
Unipoker11: shows [8c Jd] (a pair of Eights)
AIien Hand: mucks hand 
Unipoker11 collected $4.75 from pot
*** SUMMARY ***
Total pot $5 | Rake $0.25 
Board [6d 2s 3c 8s Ac]
Seat 1: michasia
Seat 4: Unipoker11 (big blind) showed [8c Jd] and won ($4.75) with a pair of Eights
Seat 6: AIien Hand (button) (small blind) mucked



PokerStars Hand #254489164214:  Hold'em No Limit ($0.50/$1.00 USD) - 2025/01/21 20:27:10 WET [2025/01/21 15:27:10 ET]
Table 'Bohmia IV' 6-max Seat #4 is the button
Seat 2: michasia ($101.50 in chips) 
Seat 4: Unipoker11 ($104.66 in chips) 
Seat 6: AIien Hand ($100 in chips) 
AIien Hand: posts small blind $0.50
michasia: posts big blind $1
*** HOLE CARDS ***
Unipoker11: raises $1.50 to $2.50
AIien Hand: folds 
michasia: calls $1.50
*** FLOP *** [Js Ad Jd]
michasia: checks 
Unipoker11: bets $1.30
michasia: calls $1.30
*** TURN *** [Js Ad Jd] [9h]
michasia: checks 
Unipoker11: checks 
*** RIVER *** [Js Ad Jd 9h] [Qc]
michasia: bets $5.13
Unipoker11: folds 
Uncalled bet ($5.13) returned to michasia
Unipoker11 leaves the table
michasia collected $7.70 from pot
michasia: doesn't show hand 
*** SUMMARY ***
Total pot $8.10 | Rake $0.40 
Board [Js Ad Jd 9h Qc]
Seat 2: michasia (big blind) collected ($7.70)
Seat 4: Unipoker11 (button) folded on the River
Seat 6: AIien Hand (small blind) folded before Flop



PokerStars Hand #254489375938:  Hold'em No Limit ($0.50/$1.00 USD) - 2025/01/21 20:39:02 WET [2025/01/21 15:39:02 ET]
Table 'Bohmia IV' 6-max Seat #3 is the button
Seat 1: sta$igk ($136.77 in chips) 
Seat 2: michasia ($106.29 in chips) 
Seat 3: neild72 ($101 in chips) 
Seat 4: BumHuntKing ($100 in chips) 
Seat 5: VonHolte ($100 in chips) 
Seat 6: AIien Hand ($122.81 in chips) 
BumHuntKing: posts small blind $0.50
VonHolte: posts big blind $1
*** HOLE CARDS ***
AIien Hand: folds 
sta$igk: raises $1.50 to $2.50
michasia: folds 
neild72: folds 
BumHuntKing: folds 
VonHolte: folds 
Uncalled bet ($1.50) returned to sta$igk
sta$igk collected $2.50 from pot
sta$igk: doesn't show hand 
*** SUMMARY ***
Total pot $2.50 | Rake $0 
Seat 1: sta$igk collected ($2.50)
Seat 2: michasia folded before Flop (didn't bet)
Seat 3: neild72 (button) folded before Flop (didn't bet)
Seat 4: BumHuntKing (small blind) folded before Flop
Seat 5: VonHolte (big blind) folded before Flop
Seat 6: AIien Hand folded before Flop (didn't bet)



PokerStars Hand #254489381958:  Hold'em No Limit ($0.50/$1.00 USD) - 2025/01/21 20:39:23 WET [2025/01/21 15:39:23 ET]
Table 'Bohmia IV' 6-max Seat #4 is the button
Seat 1: sta$igk ($138.27 in chips) 
Seat 2: michasia ($106.29 in chips) 
Seat 3: neild72 ($101 in chips) 
Seat 4: BumHuntKing ($100 in chips) 
Seat 5: VonHolte ($99 in chips) 
Seat 6: AIien Hand ($122.81 in chips) 
VonHolte: posts small blind $0.50
AIien Hand: posts big blind $1
*** HOLE CARDS ***
sta$igk: folds 
michasia: folds 
neild72: raises $2 to $3
BumHuntKing: folds 
VonHolte: folds 
AIien Hand: calls $2
*** FLOP *** [8s Td Kd]
AIien Hand: checks 
neild72: bets $4.09
AIien Hand: folds 
Uncalled bet ($4.09) returned to neild72
neild72 collected $6.18 from pot
*** SUMMARY ***
Total pot $6.50 | Rake $0.32 
Board [8s Td Kd]
Seat 1: sta$igk folded before Flop (didn't bet)
Seat 2: michasia folded before Flop (didn't bet)
Seat 3: neild72 collected ($6.18)
Seat 4: BumHuntKing (button) folded before Flop (didn't bet)
Seat 5: VonHolte (small blind) folded before Flop
Seat 6: AIien Hand (big blind) folded on the Flop



PokerStars Hand #254489388255:  Hold'em No Limit ($0.50/$1.00 USD) - 2025/01/21 20:39:44 WET [2025/01/21 15:39:44 ET]
Table 'Bohmia IV' 6-max Seat #5 is the button
Seat 1: sta$igk ($138.27 in chips) 
Seat 2: michasia ($106.29 in chips) 
Seat 3: neild72 ($104.18 in chips) 
Seat 4: BumHuntKing ($100 in chips) 
Seat 5: VonHolte ($100 in chips) 
Seat 6: AIien Hand ($119.81 in chips) 
AIien Hand: posts small blind $0.50
sta$igk: posts big blind $1
*** HOLE CARDS ***
michasia: folds 
neild72: calls $1
BumHuntKing: folds 
VonHolte: raises $3 to $4
AIien Hand: folds 
sta$igk: folds 
neild72: raises $10.50 to $14.50
VonHolte: folds 
Uncalled bet ($10.50) returned to neild72
neild72 collected $9.50 from pot
neild72: shows [Kh Ks] (a pair of Kings)
*** SUMMARY ***
Total pot $9.50 | Rake $0 
Seat 1: sta$igk (big blind) folded before Flop
Seat 2: michasia folded before Flop (didn't bet)
Seat 3: neild72 collected ($9.50)
Seat 4: BumHuntKing folded before Flop (didn't bet)
Seat 5: VonHolte (button) folded before Flop
Seat 6: AIien Hand (small blind) folded before Flop



PokerStars Hand #254489397391:  Hold'em No Limit ($0.50/$1.00 USD) - 2025/01/21 20:40:15 WET [2025/01/21 15:40:15 ET]
Table 'Bohmia IV' 6-max Seat #6 is the button
Seat 2: michasia ($106.29 in chips) is sitting out
Seat 1: sta$igk ($137.27 in chips) 
Seat 3: neild72 ($109.68 in chips) 
Seat 4: BumHuntKing ($100 in chips) 
Seat 5: VonHolte ($100 in chips) 
Seat 6: AIien Hand ($119.31 in chips) 
sta$igk: posts small blind $0.50
neild72: posts big blind $1
*** HOLE CARDS ***
BumHuntKing: raises $1.20 to $2.20
VonHolte: folds 
AIien Hand: folds 
sta$igk: folds 
neild72: calls $1.20
*** FLOP *** [8h Th Ac]
neild72: checks 
BumHuntKing: bets $1.54
neild72: calls $1.54
*** TURN *** [8h Th Ac] [3h]
neild72: bets $3.79
BumHuntKing: folds 
Uncalled bet ($3.79) returned to neild72
neild72 collected $7.58 from pot
*** SUMMARY ***
Total pot $7.98 | Rake $0.40 
Board [8h Th Ac 3h]
Seat 2: michasia
Seat 1: sta$igk (small blind) folded before Flop
Seat 3: neild72 (big blind) collected ($7.58)
Seat 4: BumHuntKing folded on the Turn
Seat 5: VonHolte folded before Flop (didn't bet)
Seat 6: AIien Hand (button) folded before Flop (didn't bet)



PokerStars Hand #254489407322:  Hold'em No Limit ($0.50/$1.00 USD) - 2025/01/21 20:40:49 WET [2025/01/21 15:40:49 ET]
Table 'Bohmia IV' 6-max Seat #1 is the button
Seat 2: michasia ($106.29 in chips) is sitting out
Seat 1: sta$igk ($136.77 in chips) 
Seat 3: neild72 ($113.52 in chips) 
Seat 4: BumHuntKing ($100 in chips) 
Seat 5: VonHolte ($100 in chips) 
Seat 6: AIien Hand ($119.31 in chips) 
neild72: posts small blind $0.50
BumHuntKing: posts big blind $1
*** HOLE CARDS ***
VonHolte: folds 
AIien Hand: folds 
sta$igk: folds 
neild72: raises $2 to $3
BumHuntKing: calls $2
*** FLOP *** [Jc 4h 9d]
neild72: bets $3.85
BumHuntKing: folds 
Uncalled bet ($3.85) returned to neild72
neild72 collected $5.70 from pot
neild72: shows [9s]
*** SUMMARY ***
Total pot $6 | Rake $0.30 
Board [Jc 4h 9d]
Seat 2: michasia
Seat 1: sta$igk (button) folded before Flop (didn't bet)
Seat 3: neild72 (small blind) collected ($5.70)
Seat 4: BumHuntKing (big blind) folded on the Flop
Seat 5: VonHolte folded before Flop (didn't bet)
Seat 6: AIien Hand folded before Flop (didn't bet)



PokerStars Hand #254489415285:  Hold'em No Limit ($0.50/$1.00 USD) - 2025/01/21 20:41:17 WET [2025/01/21 15:41:17 ET]
Table 'Bohmia IV' 6-max Seat #3 is the button
Seat 2: michasia ($106.29 in chips) is sitting out
Seat 1: sta$igk ($136.77 in chips) 
Seat 3: neild72 ($116.22 in chips) 
Seat 4: BumHuntKing ($100 in chips) 
Seat 5: VonHolte ($100 in chips) 
Seat 6: AIien Hand ($119.31 in chips) 
BumHuntKing: posts small blind $0.50
VonHolte: posts big blind $1
*** HOLE CARDS ***
AIien Hand: folds 
sta$igk: folds 
neild72: folds 
BumHuntKing: folds 
Uncalled bet ($0.50) returned to VonHolte
VonHolte collected $1 from pot
VonHolte: doesn't show hand 
*** SUMMARY ***
Total pot $1 | Rake $0 
Seat 2: michasia
Seat 1: sta$igk folded before Flop (didn't bet)
Seat 3: neild72 (button) folded before Flop (didn't bet)
Seat 4: BumHuntKing (small blind) folded before Flop
Seat 5: VonHolte (big blind) collected ($1)
Seat 6: AIien Hand folded before Flop (didn't bet)



PokerStars Hand #254489417595:  Hold'em No Limit ($0.50/$1.00 USD) - 2025/01/21 20:41:24 WET [2025/01/21 15:41:24 ET]
Table 'Bohmia IV' 6-max Seat #4 is the button
Seat 2: michasia ($106.29 in chips) is sitting out
Seat 1: sta$igk ($136.77 in chips) 
Seat 3: neild72 ($116.22 in chips) 
Seat 4: BumHuntKing ($100 in chips) 
Seat 5: VonHolte ($100.50 in chips) 
Seat 6: AIien Hand ($119.31 in chips) 
VonHolte: posts small blind $0.50
AIien Hand: posts big blind $1
*** HOLE CARDS ***
sta$igk: folds 
neild72: folds 
BumHuntKing: folds 
VonHolte: folds 
Uncalled bet ($0.50) returned to AIien Hand
AIien Hand collected $1 from pot
AIien Hand: doesn't show hand 
*** SUMMARY ***
Total pot $1 | Rake $0 
Seat 2: michasia
Seat 1: sta$igk folded before Flop (didn't bet)
Seat 3: neild72 folded before Flop (didn't bet)
Seat 4: BumHuntKing (button) folded before Flop (didn't bet)
Seat 5: VonHolte (small blind) folded before Flop
Seat 6: AIien Hand (big blind) collected ($1)



PokerStars Hand #254489420199:  Hold'em No Limit ($0.50/$1.00 USD) - 2025/01/21 20:41:33 WET [2025/01/21 15:41:33 ET]
Table 'Bohmia IV' 6-max Seat #5 is the button
Seat 2: michasia ($106.29 in chips) is sitting out
Seat 1: sta$igk ($136.77 in chips) 
Seat 3: neild72 ($116.22 in chips) 
Seat 4: BumHuntKing ($100 in chips) 
Seat 5: VonHolte ($100 in chips) 
Seat 6: AIien Hand ($119.81 in chips) 
AIien Hand: posts small blind $0.50
sta$igk: posts big blind $1
*** HOLE CARDS ***
neild72: calls $1
BumHuntKing: folds 
VonHolte: folds 
AIien Hand: folds 
sta$igk: checks 
*** FLOP *** [8s Ad Js]
sta$igk: checks 
neild72: bets $1
sta$igk: folds 
Uncalled bet ($1) returned to neild72
neild72 collected $2.38 from pot
*** SUMMARY ***
Total pot $2.50 | Rake $0.12 
Board [8s Ad Js]
Seat 2: michasia
Seat 1: sta$igk (big blind) folded on the Flop
Seat 3: neild72 collected ($2.38)
Seat 4: BumHuntKing folded before Flop (didn't bet)
Seat 5: VonHolte (button) folded before Flop (didn't bet)
Seat 6: AIien Hand (small blind) folded before Flop



PokerStars Hand #254489425626:  Hold'em No Limit ($0.50/$1.00 USD) - 2025/01/21 20:41:52 WET [2025/01/21 15:41:52 ET]
Table 'Bohmia IV' 6-max Seat #6 is the button
Seat 2: michasia ($106.29 in chips) is sitting out
Seat 1: sta$igk ($135.77 in chips) 
Seat 3: neild72 ($117.60 in chips) 
Seat 4: BumHuntKing ($100 in chips) 
Seat 5: VonHolte ($100 in chips) 
Seat 6: AIien Hand ($119.31 in chips) 
sta$igk: posts small blind $0.50
neild72: posts big blind $1
*** HOLE CARDS ***
BumHuntKing: folds 
VonHolte: folds 
AIien Hand: folds 
sta$igk: raises $2 to $3
neild72: calls $2
*** FLOP *** [6c 2c 4d]
sta$igk: checks 
neild72: bets $5.70
sta$igk: raises $12.83 to $18.53
neild72: calls $12.83
*** TURN *** [6c 2c 4d] [6s]
sta$igk: bets $20.46
neild72: calls $20.46
*** RIVER *** [6c 2c 4d 6s] [Js]
sta$igk: bets $93.78 and is all-in
neild72: folds [Jd]
Uncalled bet ($93.78) returned to sta$igk
sta$igk collected $81.48 from pot
sta$igk: doesn't show hand 
*** SUMMARY ***
Total pot $83.98 | Rake $2.50 
Board [6c 2c 4d 6s Js]
Seat 2: michasia
Seat 1: sta$igk (small blind) collected ($81.48)
Seat 3: neild72 (big blind) folded on the River
Seat 4: BumHuntKing folded before Flop (didn't bet)
Seat 5: VonHolte folded before Flop (didn't bet)
Seat 6: AIien Hand (button) folded before Flop (didn't bet)



PokerStars Hand #254489446744:  Hold'em No Limit ($0.50/$1.00 USD) - 2025/01/21 20:43:04 WET [2025/01/21 15:43:04 ET]
Table 'Bohmia IV' 6-max Seat #1 is the button
Seat 2: michasia ($106.29 in chips) is sitting out
Seat 1: sta$igk ($175.26 in chips) 
Seat 3: neild72 ($75.61 in chips) 
Seat 4: BumHuntKing ($100 in chips) 
Seat 5: VonHolte ($100 in chips) 
Seat 6: AIien Hand ($119.31 in chips) 
neild72: posts small blind $0.50
BumHuntKing: posts big blind $1
*** HOLE CARDS ***
VonHolte: folds 
AIien Hand: folds 
sta$igk: folds 
neild72: calls $0.50
BumHuntKing: raises $2.50 to $3.50
neild72: calls $2.50
*** FLOP *** [3d 7d 6h]
neild72: checks 
BumHuntKing: bets $1.66
neild72: calls $1.66
*** TURN *** [3d 7d 6h] [Jd]
neild72: checks 
BumHuntKing: bets $7.35
neild72: calls $7.35
*** RIVER *** [3d 7d 6h Jd] [2d]
neild72: checks 
BumHuntKing: bets $11.89
neild72: folds 
Uncalled bet ($11.89) returned to BumHuntKing
BumHuntKing collected $23.77 from pot
BumHuntKing: doesn't show hand 
*** SUMMARY ***
Total pot $25.02 | Rake $1.25 
Board [3d 7d 6h Jd 2d]
Seat 2: michasia
Seat 1: sta$igk (button) folded before Flop (didn't bet)
Seat 3: neild72 (small blind) folded on the River
Seat 4: BumHuntKing (big blind) collected ($23.77)
Seat 5: VonHolte folded before Flop (didn't bet)
Seat 6: AIien Hand folded before Flop (didn't bet)



PokerStars Hand #254489457960:  Hold'em No Limit ($0.50/$1.00 USD) - 2025/01/21 20:43:42 WET [2025/01/21 15:43:42 ET]
Table 'Bohmia IV' 6-max Seat #3 is the button
Seat 2: michasia ($106.29 in chips) is sitting out
Seat 1: sta$igk ($175.26 in chips) 
Seat 3: neild72 ($63.10 in chips) 
Seat 4: BumHuntKing ($111.26 in chips) 
Seat 5: VonHolte ($100 in chips) 
Seat 6: AIien Hand ($119.31 in chips) 
BumHuntKing: posts small blind $0.50
VonHolte: posts big blind $1
*** HOLE CARDS ***
AIien Hand: folds 
sta$igk: raises $1.50 to $2.50
neild72: folds 
BumHuntKing: folds 
VonHolte: calls $1.50
*** FLOP *** [Jd Qh 3s]
VonHolte: checks 
sta$igk: bets $1.72
VonHolte: calls $1.72
*** TURN *** [Jd Qh 3s] [Qs]
VonHolte: checks 
sta$igk: checks 
*** RIVER *** [Jd Qh 3s Qs] [Jc]
VonHolte: checks 
sta$igk: bets $8.49
VonHolte: calls $8.49
*** SHOW DOWN ***
sta$igk: shows [8c 8d] (two pair, Queens and Jacks)
VonHolte: shows [Ac Th] (two pair, Queens and Jacks - Ace kicker)
VonHolte collected $24.62 from pot
*** SUMMARY ***
Total pot $25.92 | Rake $1.30 
Board [Jd Qh 3s Qs Jc]
Seat 2: michasia
Seat 1: sta$igk showed [8c 8d] and lost with two pair, Queens and Jacks
Seat 3: neild72 (button) folded before Flop (didn't bet)
Seat 4: BumHuntKing (small blind) folded before Flop
Seat 5: VonHolte (big blind) showed [Ac Th] and won ($24.62) with two pair, Queens and Jacks
Seat 6: AIien Hand folded before Flop (didn't bet)



PokerStars Hand #254489481476:  Hold'em No Limit ($0.50/$1.00 USD) - 2025/01/21 20:45:02 WET [2025/01/21 15:45:02 ET]
Table 'Bohmia IV' 6-max Seat #4 is the button
Seat 2: michasia ($106.29 in chips) is sitting out
Seat 1: sta$igk ($162.55 in chips) 
Seat 3: neild72 ($63.10 in chips) 
Seat 4: BumHuntKing ($110.76 in chips) 
Seat 5: VonHolte ($111.91 in chips) 
Seat 6: AIien Hand ($119.31 in chips) 
VonHolte: posts small blind $0.50
AIien Hand: posts big blind $1
michasia: sits out 
*** HOLE CARDS ***
sta$igk: folds 
neild72: raises $2 to $3
BumHuntKing: raises $4 to $7
VonHolte: folds 
AIien Hand: folds 
neild72: calls $4
*** FLOP *** [2d 5h Ac]
neild72: checks 
BumHuntKing: bets $3.68
neild72: raises $5.68 to $9.36
BumHuntKing: folds 
Uncalled bet ($5.68) returned to neild72
neild72 collected $21.72 from pot
*** SUMMARY ***
Total pot $22.86 | Rake $1.14 
Board [2d 5h Ac]
Seat 2: michasia
Seat 1: sta$igk folded before Flop (didn't bet)
Seat 3: neild72 collected ($21.72)
Seat 4: BumHuntKing (button) folded on the Flop
Seat 5: VonHolte (small blind) folded before Flop
Seat 6: AIien Hand (big blind) folded before Flop



PokerStars Hand #254489494003:  Hold'em No Limit ($0.50/$1.00 USD) - 2025/01/21 20:45:44 WET [2025/01/21 15:45:44 ET]
Table 'Bohmia IV' 6-max Seat #5 is the button
Seat 2: michasia ($106.29 in chips) is sitting out
Seat 1: sta$igk ($162.55 in chips) 
Seat 3: neild72 ($74.14 in chips) 
Seat 4: BumHuntKing ($100.08 in chips) 
Seat 5: VonHolte ($111.41 in chips) 
Seat 6: AIien Hand ($118.31 in chips) 
AIien Hand: posts small blind $0.50
sta$igk: posts big blind $1
michasia: sits out 
*** HOLE CARDS ***
neild72: calls $1
BumHuntKing: folds 
VonHolte: folds 
AIien Hand: folds 
sta$igk: checks 
*** FLOP *** [2c Jc 9h]
sta$igk: checks 
neild72: checks 
*** TURN *** [2c Jc 9h] [Kh]
sta$igk: checks 
neild72: checks 
*** RIVER *** [2c Jc 9h Kh] [Qh]
sta$igk: checks 
neild72: checks 
*** SHOW DOWN ***
sta$igk: shows [8s 2d] (a pair of Deuces)
neild72: mucks hand 
sta$igk collected $2.38 from pot
*** SUMMARY ***
Total pot $2.50 | Rake $0.12 
Board [2c Jc 9h Kh Qh]
Seat 2: michasia
Seat 1: sta$igk (big blind) showed [8s 2d] and won ($2.38) with a pair of Deuces
Seat 3: neild72 mucked
Seat 4: BumHuntKing folded before Flop (didn't bet)
Seat 5: VonHolte (button) folded before Flop (didn't bet)
Seat 6: AIien Hand (small blind) folded before Flop



PokerStars Hand #254489502976:  Hold'em No Limit ($0.50/$1.00 USD) - 2025/01/21 20:46:14 WET [2025/01/21 15:46:14 ET]
Table 'Bohmia IV' 6-max Seat #6 is the button
Seat 1: sta$igk ($163.93 in chips) 
Seat 2: michasia ($106.29 in chips) 
Seat 3: neild72 ($73.14 in chips) 
Seat 4: BumHuntKing ($100.08 in chips) 
Seat 5: VonHolte ($111.41 in chips) 
Seat 6: AIien Hand ($117.81 in chips) 
sta$igk: posts small blind $0.50
michasia: posts big blind $1
*** HOLE CARDS ***
neild72: calls $1
BumHuntKing: raises $2.50 to $3.50
VonHolte: folds 
AIien Hand: calls $3.50
sta$igk: folds 
michasia: folds 
neild72: calls $2.50
*** FLOP *** [8d Ad 6h]
neild72: checks 
BumHuntKing: bets $2.85
AIien Hand: raises $6.86 to $9.71
neild72: folds 
BumHuntKing: calls $6.86
*** TURN *** [8d Ad 6h] [9d]
BumHuntKing: checks 
AIien Hand: checks 
*** RIVER *** [8d Ad 6h 9d] [5s]
BumHuntKing: bets $59.70
AIien Hand: folds 
Uncalled bet ($59.70) returned to BumHuntKing
BumHuntKing collected $29.85 from pot
BumHuntKing: doesn't show hand 
*** SUMMARY ***
Total pot $31.42 | Rake $1.57 
Board [8d Ad 6h 9d 5s]
Seat 1: sta$igk (small blind) folded before Flop
Seat 2: michasia (big blind) folded before Flop
Seat 3: neild72 folded on the Flop
Seat 4: BumHuntKing collected ($29.85)
Seat 5: VonHolte folded before Flop (didn't bet)
Seat 6: AIien Hand (button) folded on the River



PokerStars Hand #254489532716:  Hold'em No Limit ($0.50/$1.00 USD) - 2025/01/21 20:47:54 WET [2025/01/21 15:47:54 ET]
Table 'Bohmia IV' 6-max Seat #1 is the button
Seat 1: sta$igk ($163.43 in chips) 
Seat 2: michasia ($105.29 in chips) 
Seat 3: neild72 ($69.64 in chips) 
Seat 4: BumHuntKing ($116.72 in chips) 
Seat 5: VonHolte ($111.41 in chips) 
Seat 6: AIien Hand ($104.60 in chips) 
michasia: posts small blind $0.50
neild72: posts big blind $1
*** HOLE CARDS ***
BumHuntKing: raises $1.20 to $2.20
VonHolte: folds 
AIien Hand: folds 
sta$igk: folds 
michasia: folds 
neild72: folds 
Uncalled bet ($1.20) returned to BumHuntKing
BumHuntKing collected $2.50 from pot
BumHuntKing: doesn't show hand 
*** SUMMARY ***
Total pot $2.50 | Rake $0 
Seat 1: sta$igk (button) folded before Flop (didn't bet)
Seat 2: michasia (small blind) folded before Flop
Seat 3: neild72 (big blind) folded before Flop
Seat 4: BumHuntKing collected ($2.50)
Seat 5: VonHolte folded before Flop (didn't bet)
Seat 6: AIien Hand folded before Flop (didn't bet)



PokerStars Hand #254489538178:  Hold'em No Limit ($0.50/$1.00 USD) - 2025/01/21 20:48:13 WET [2025/01/21 15:48:13 ET]
Table 'Bohmia IV' 6-max Seat #2 is the button
Seat 1: sta$igk ($163.43 in chips) 
Seat 2: michasia ($104.79 in chips) 
Seat 3: neild72 ($68.64 in chips) 
Seat 4: BumHuntKing ($118.22 in chips) 
Seat 5: VonHolte ($111.41 in chips) 
Seat 6: AIien Hand ($104.60 in chips) 
neild72: posts small blind $0.50
BumHuntKing: posts big blind $1
*** HOLE CARDS ***
VonHolte: folds 
AIien Hand: raises $1.20 to $2.20
sta$igk: folds 
michasia: folds 
neild72: calls $1.70
BumHuntKing: folds 
*** FLOP *** [8s 8h 8c]
neild72: checks 
AIien Hand: bets $1.18
neild72: calls $1.18
*** TURN *** [8s 8h 8c] [6s]
neild72: checks 
AIien Hand: bets $4.50
neild72: calls $4.50
*** RIVER *** [8s 8h 8c 6s] [Jc]
neild72: checks 
AIien Hand: bets $96.72 and is all-in
neild72: folds 
Uncalled bet ($96.72) returned to AIien Hand
AIien Hand collected $15.92 from pot
AIien Hand: doesn't show hand 
*** SUMMARY ***
Total pot $16.76 | Rake $0.84 
Board [8s 8h 8c 6s Jc]
Seat 1: sta$igk folded before Flop (didn't bet)
Seat 2: michasia (button) folded before Flop (didn't bet)
Seat 3: neild72 (small blind) folded on the River
Seat 4: BumHuntKing (big blind) folded before Flop
Seat 5: VonHolte folded before Flop (didn't bet)
Seat 6: AIien Hand collected ($15.92)



PokerStars Hand #254489555833:  Hold'em No Limit ($0.50/$1.00 USD) - 2025/01/21 20:49:12 WET [2025/01/21 15:49:12 ET]
Table 'Bohmia IV' 6-max Seat #3 is the button
Seat 1: sta$igk ($163.43 in chips) 
Seat 2: michasia ($104.79 in chips) 
Seat 3: neild72 ($60.76 in chips) 
Seat 4: BumHuntKing ($117.22 in chips) 
Seat 5: VonHolte ($111.41 in chips) 
Seat 6: AIien Hand ($112.64 in chips) 
BumHuntKing: posts small blind $0.50
VonHolte: posts big blind $1
*** HOLE CARDS ***
AIien Hand: folds 
sta$igk: folds 
michasia: folds 
neild72: folds 
BumHuntKing: folds 
Uncalled bet ($0.50) returned to VonHolte
VonHolte collected $1 from pot
VonHolte: doesn't show hand 
*** SUMMARY ***
Total pot $1 | Rake $0 
Seat 1: sta$igk folded before Flop (didn't bet)
Seat 2: michasia folded before Flop (didn't bet)
Seat 3: neild72 (button) folded before Flop (didn't bet)
Seat 4: BumHuntKing (small blind) folded before Flop
Seat 5: VonHolte (big blind) collected ($1)
Seat 6: AIien Hand folded before Flop (didn't bet)



PokerStars Hand #254489558794:  Hold'em No Limit ($0.50/$1.00 USD) - 2025/01/21 20:49:22 WET [2025/01/21 15:49:22 ET]
Table 'Bohmia IV' 6-max Seat #4 is the button
Seat 1: sta$igk ($163.43 in chips) 
Seat 2: michasia ($104.79 in chips) 
Seat 3: neild72 ($60.76 in chips) 
Seat 4: BumHuntKing ($116.72 in chips) 
Seat 5: VonHolte ($111.91 in chips) 
Seat 6: AIien Hand ($112.64 in chips) 
VonHolte: posts small blind $0.50
AIien Hand: posts big blind $1
*** HOLE CARDS ***
sta$igk: folds 
michasia: folds 
neild72: folds 
BumHuntKing: folds 
VonHolte: folds 
Uncalled bet ($0.50) returned to AIien Hand
AIien Hand collected $1 from pot
AIien Hand: doesn't show hand 
*** SUMMARY ***
Total pot $1 | Rake $0 
Seat 1: sta$igk folded before Flop (didn't bet)
Seat 2: michasia folded before Flop (didn't bet)
Seat 3: neild72 folded before Flop (didn't bet)
Seat 4: BumHuntKing (button) folded before Flop (didn't bet)
Seat 5: VonHolte (small blind) folded before Flop
Seat 6: AIien Hand (big blind) collected ($1)



PokerStars Hand #254489561591:  Hold'em No Limit ($0.50/$1.00 USD) - 2025/01/21 20:49:31 WET [2025/01/21 15:49:31 ET]
Table 'Bohmia IV' 6-max Seat #5 is the button
Seat 1: sta$igk ($163.43 in chips) 
Seat 2: michasia ($104.79 in chips) 
Seat 3: neild72 ($60.76 in chips) 
Seat 4: BumHuntKing ($116.72 in chips) 
Seat 5: VonHolte ($111.41 in chips) 
Seat 6: AIien Hand ($113.14 in chips) 
AIien Hand: posts small blind $0.50
sta$igk: posts big blind $1
*** HOLE CARDS ***
michasia: folds 
neild72: folds 
BumHuntKing: folds 
VonHolte: raises $1.50 to $2.50
AIien Hand: folds 
sta$igk: folds 
Uncalled bet ($1.50) returned to VonHolte
VonHolte collected $2.50 from pot
VonHolte: doesn't show hand 
*** SUMMARY ***
Total pot $2.50 | Rake $0 
Seat 1: sta$igk (big blind) folded before Flop
Seat 2: michasia folded before Flop (didn't bet)
Seat 3: neild72 folded before Flop (didn't bet)
Seat 4: BumHuntKing folded before Flop (didn't bet)
Seat 5: VonHolte (button) collected ($2.50)
Seat 6: AIien Hand (small blind) folded before Flop



PokerStars Hand #254489567715:  Hold'em No Limit ($0.50/$1.00 USD) - 2025/01/21 20:49:51 WET [2025/01/21 15:49:51 ET]
Table 'Bohmia IV' 6-max Seat #6 is the button
Seat 1: sta$igk ($162.43 in chips) 
Seat 2: michasia ($104.79 in chips) 
Seat 3: neild72 ($60.76 in chips) 
Seat 4: BumHuntKing ($116.72 in chips) 
Seat 5: VonHolte ($112.91 in chips) 
Seat 6: AIien Hand ($112.64 in chips) 
sta$igk: posts small blind $0.50
michasia: posts big blind $1
*** HOLE CARDS ***
neild72: calls $1
BumHuntKing: folds 
VonHolte: folds 
AIien Hand: folds 
sta$igk: folds 
michasia: raises $2.50 to $3.50
neild72: raises $10.50 to $14
michasia: raises $20 to $34
neild72: raises $26.76 to $60.76 and is all-in
michasia: calls $26.76
*** FLOP *** [Jd Td Tc]
*** TURN *** [Jd Td Tc] [6h]
*** RIVER *** [Jd Td Tc 6h] [Qc]
*** SHOW DOWN ***
michasia: shows [Qh Qs] (a full house, Queens full of Tens)
neild72: shows [Kh Kc] (two pair, Kings and Tens)
michasia collected $119.52 from pot
neild72 cashed out the hand for $95.96 | Cash Out Fee $1.96
*** SUMMARY ***
Total pot $122.02 | Rake $2.50 
Board [Jd Td Tc 6h Qc]
Seat 1: sta$igk (small blind) folded before Flop
Seat 2: michasia (big blind) showed [Qh Qs] and won ($119.52) with a full house, Queens full of Tens
Seat 3: neild72 showed [Kh Kc] and lost with two pair, Kings and Tens (cashed out).
Seat 4: BumHuntKing folded before Flop (didn't bet)
Seat 5: VonHolte folded before Flop (didn't bet)
Seat 6: AIien Hand (button) folded before Flop (didn't bet)



PokerStars Hand #254489586028:  Hold'em No Limit ($0.50/$1.00 USD) - 2025/01/21 20:50:52 WET [2025/01/21 15:50:52 ET]
Table 'Bohmia IV' 6-max Seat #1 is the button
Seat 1: sta$igk ($161.93 in chips) 
Seat 2: michasia ($163.55 in chips) 
Seat 3: neild72 ($95.96 in chips) 
Seat 4: BumHuntKing ($116.72 in chips) 
Seat 5: VonHolte ($112.91 in chips) 
Seat 6: AIien Hand ($112.64 in chips) 
michasia: posts small blind $0.50
neild72: posts big blind $1
*** HOLE CARDS ***
BumHuntKing: folds 
VonHolte: folds 
AIien Hand: raises $1.20 to $2.20
sta$igk: folds 
michasia: folds 
neild72: calls $1.20
*** FLOP *** [Kc Tc 8c]
neild72: checks 
AIien Hand: checks 
*** TURN *** [Kc Tc 8c] [Th]
neild72: bets $2.33
AIien Hand: calls $2.33
*** RIVER *** [Kc Tc 8c Th] [9c]
neild72: checks 
AIien Hand: checks 
*** SHOW DOWN ***
neild72: shows [Jd Kh] (two pair, Kings and Tens)
AIien Hand: mucks hand 
neild72 collected $9.08 from pot
*** SUMMARY ***
Total pot $9.56 | Rake $0.48 
Board [Kc Tc 8c Th 9c]
Seat 1: sta$igk (button) folded before Flop (didn't bet)
Seat 2: michasia (small blind) folded before Flop
Seat 3: neild72 (big blind) showed [Jd Kh] and won ($9.08) with two pair, Kings and Tens
Seat 4: BumHuntKing folded before Flop (didn't bet)
Seat 5: VonHolte folded before Flop (didn't bet)
Seat 6: AIien Hand mucked



PokerStars Hand #254489601005:  Hold'em No Limit ($0.50/$1.00 USD) - 2025/01/21 20:51:42 WET [2025/01/21 15:51:42 ET]
Table 'Bohmia IV' 6-max Seat #2 is the button
Seat 1: sta$igk ($161.93 in chips) 
Seat 2: michasia ($163.05 in chips) 
Seat 3: neild72 ($100.51 in chips) 
Seat 4: BumHuntKing ($116.72 in chips) 
Seat 5: VonHolte ($112.91 in chips) 
Seat 6: AIien Hand ($108.11 in chips) 
neild72: posts small blind $0.50
BumHuntKing: posts big blind $1
*** HOLE CARDS ***
VonHolte: raises $1.50 to $2.50
AIien Hand: folds 
sta$igk: folds 
michasia: folds 
neild72: folds 
BumHuntKing: folds 
Uncalled bet ($1.50) returned to VonHolte
VonHolte collected $2.50 from pot
VonHolte: doesn't show hand 
*** SUMMARY ***
Total pot $2.50 | Rake $0 
Seat 1: sta$igk folded before Flop (didn't bet)
Seat 2: michasia (button) folded before Flop (didn't bet)
Seat 3: neild72 (small blind) folded before Flop
Seat 4: BumHuntKing (big blind) folded before Flop
Seat 5: VonHolte collected ($2.50)
Seat 6: AIien Hand folded before Flop (didn't bet)



PokerStars Hand #254489607326:  Hold'em No Limit ($0.50/$1.00 USD) - 2025/01/21 20:52:03 WET [2025/01/21 15:52:03 ET]
Table 'Bohmia IV' 6-max Seat #3 is the button
Seat 1: sta$igk ($161.93 in chips) 
Seat 2: michasia ($163.05 in chips) 
Seat 3: neild72 ($100.01 in chips) 
Seat 4: BumHuntKing ($115.72 in chips) 
Seat 5: VonHolte ($114.41 in chips) 
Seat 6: AIien Hand ($108.11 in chips) 
BumHuntKing: posts small blind $0.50
VonHolte: posts big blind $1
*** HOLE CARDS ***
neild72 is disconnected 
AIien Hand: folds 
sta$igk: folds 
michasia: raises $1.80 to $2.80
neild72: raises $4.80 to $7.60
BumHuntKing: folds 
VonHolte: folds 
michasia: calls $4.80
*** FLOP *** [4h Jc 8h]
michasia: checks 
neild72: bets $12.93
michasia: folds 
Uncalled bet ($12.93) returned to neild72
neild72 collected $15.86 from pot
*** SUMMARY ***
Total pot $16.70 | Rake $0.84 
Board [4h Jc 8h]
Seat 1: sta$igk folded before Flop (didn't bet)
Seat 2: michasia folded on the Flop
Seat 3: neild72 (button) collected ($15.86)
Seat 4: BumHuntKing (small blind) folded before Flop
Seat 5: VonHolte (big blind) folded before Flop
Seat 6: AIien Hand folded before Flop (didn't bet)



PokerStars Hand #254489617447:  Hold'em No Limit ($0.50/$1.00 USD) - 2025/01/21 20:52:37 WET [2025/01/21 15:52:37 ET]
Table 'Bohmia IV' 6-max Seat #4 is the button
Seat 1: sta$igk ($161.93 in chips) 
Seat 2: michasia ($155.45 in chips) 
Seat 3: neild72 ($108.27 in chips) 
Seat 4: BumHuntKing ($115.22 in chips) 
Seat 5: VonHolte ($113.41 in chips) 
Seat 6: AIien Hand ($108.11 in chips) 
VonHolte: posts small blind $0.50
AIien Hand: posts big blind $1
*** HOLE CARDS ***
sta$igk: folds 
michasia: folds 
neild72: folds 
BumHuntKing: folds 
VonHolte: folds 
Uncalled bet ($0.50) returned to AIien Hand
AIien Hand collected $1 from pot
AIien Hand: doesn't show hand 
*** SUMMARY ***
Total pot $1 | Rake $0 
Seat 1: sta$igk folded before Flop (didn't bet)
Seat 2: michasia folded before Flop (didn't bet)
Seat 3: neild72 folded before Flop (didn't bet)
Seat 4: BumHuntKing (button) folded before Flop (didn't bet)
Seat 5: VonHolte (small blind) folded before Flop
Seat 6: AIien Hand (big blind) collected ($1)



PokerStars Hand #254489621498:  Hold'em No Limit ($0.50/$1.00 USD) - 2025/01/21 20:52:50 WET [2025/01/21 15:52:50 ET]
Table 'Bohmia IV' 6-max Seat #5 is the button
Seat 1: sta$igk ($161.93 in chips) 
Seat 2: michasia ($155.45 in chips) 
Seat 3: neild72 ($108.27 in chips) 
Seat 4: BumHuntKing ($115.22 in chips) 
Seat 5: VonHolte ($112.91 in chips) 
Seat 6: AIien Hand ($108.61 in chips) 
AIien Hand: posts small blind $0.50
sta$igk: posts big blind $1
*** HOLE CARDS ***
michasia: folds 
neild72: calls $1
BumHuntKing: folds 
VonHolte: folds 
AIien Hand: raises $2.50 to $3.50
sta$igk: raises $9 to $12.50
neild72: folds 
AIien Hand: folds 
Uncalled bet ($9) returned to sta$igk
sta$igk collected $8 from pot
sta$igk: doesn't show hand 
*** SUMMARY ***
Total pot $8 | Rake $0 
Seat 1: sta$igk (big blind) collected ($8)
Seat 2: michasia folded before Flop (didn't bet)
Seat 3: neild72 folded before Flop
Seat 4: BumHuntKing folded before Flop (didn't bet)
Seat 5: VonHolte (button) folded before Flop (didn't bet)
Seat 6: AIien Hand (small blind) folded before Flop



PokerStars Hand #254489629730:  Hold'em No Limit ($0.50/$1.00 USD) - 2025/01/21 20:53:17 WET [2025/01/21 15:53:17 ET]
Table 'Bohmia IV' 6-max Seat #6 is the button
Seat 1: sta$igk ($166.43 in chips) 
Seat 2: michasia ($155.45 in chips) 
Seat 3: neild72 ($107.27 in chips) 
Seat 4: BumHuntKing ($115.22 in chips) 
Seat 5: VonHolte ($112.91 in chips) 
Seat 6: AIien Hand ($105.11 in chips) 
sta$igk: posts small blind $0.50
michasia: posts big blind $1
*** HOLE CARDS ***
neild72: folds 
BumHuntKing: folds 
VonHolte: folds 
AIien Hand: raises $1.50 to $2.50
sta$igk: folds 
michasia: calls $1.50
*** FLOP *** [5h 8s 2c]
michasia: checks 
AIien Hand: checks 
*** TURN *** [5h 8s 2c] [4h]
michasia: bets $3.48
AIien Hand: folds 
Uncalled bet ($3.48) returned to michasia
michasia collected $5.22 from pot
michasia: doesn't show hand 
*** SUMMARY ***
Total pot $5.50 | Rake $0.28 
Board [5h 8s 2c 4h]
Seat 1: sta$igk (small blind) folded before Flop
Seat 2: michasia (big blind) collected ($5.22)
Seat 3: neild72 folded before Flop (didn't bet)
Seat 4: BumHuntKing folded before Flop (didn't bet)
Seat 5: VonHolte folded before Flop (didn't bet)
Seat 6: AIien Hand (button) folded on the Turn



PokerStars Hand #254489642799:  Hold'em No Limit ($0.50/$1.00 USD) - 2025/01/21 20:54:01 WET [2025/01/21 15:54:01 ET]
Table 'Bohmia IV' 6-max Seat #1 is the button
Seat 1: sta$igk ($165.93 in chips) 
Seat 2: michasia ($158.17 in chips) 
Seat 3: neild72 ($107.27 in chips) 
Seat 4: BumHuntKing ($115.22 in chips) 
Seat 5: VonHolte ($112.91 in chips) 
Seat 6: AIien Hand ($102.61 in chips) 
michasia: posts small blind $0.50
neild72: posts big blind $1
*** HOLE CARDS ***
BumHuntKing: folds 
VonHolte: folds 
AIien Hand: folds 
sta$igk: raises $1.50 to $2.50
michasia: folds 
neild72: calls $1.50
*** FLOP *** [5d 7h 9c]
neild72: checks 
sta$igk: bets $1.72
neild72: calls $1.72
*** TURN *** [5d 7h 9c] [5h]
neild72: checks 
sta$igk: checks 
*** RIVER *** [5d 7h 9c 5h] [7s]
neild72: checks 
sta$igk: checks 
*** SHOW DOWN ***
neild72: shows [8h Jc] (two pair, Sevens and Fives)
sta$igk: mucks hand 
neild72 collected $8.49 from pot
*** SUMMARY ***
Total pot $8.94 | Rake $0.45 
Board [5d 7h 9c 5h 7s]
Seat 1: sta$igk (button) mucked
Seat 2: michasia (small blind) folded before Flop
Seat 3: neild72 (big blind) showed [8h Jc] and won ($8.49) with two pair, Sevens and Fives
Seat 4: BumHuntKing folded before Flop (didn't bet)
Seat 5: VonHolte folded before Flop (didn't bet)
Seat 6: AIien Hand folded before Flop (didn't bet)



PokerStars Hand #254489656104:  Hold'em No Limit ($0.50/$1.00 USD) - 2025/01/21 20:54:44 WET [2025/01/21 15:54:44 ET]
Table 'Bohmia IV' 6-max Seat #2 is the button
Seat 1: sta$igk ($161.71 in chips) 
Seat 2: michasia ($157.67 in chips) 
Seat 3: neild72 ($111.54 in chips) 
Seat 4: BumHuntKing ($115.22 in chips) 
Seat 5: VonHolte ($112.91 in chips) 
Seat 6: AIien Hand ($102.61 in chips) 
neild72: posts small blind $0.50
BumHuntKing: posts big blind $1
*** HOLE CARDS ***
VonHolte: raises $1.50 to $2.50
AIien Hand: raises $5 to $7.50
sta$igk: folds 
michasia: folds 
neild72: folds 
BumHuntKing: folds 
VonHolte: calls $5
*** FLOP *** [Jh 6c Qd]
VonHolte: checks 
AIien Hand: bets $4.71
VonHolte: folds 
Uncalled bet ($4.71) returned to AIien Hand
AIien Hand collected $15.68 from pot
AIien Hand: doesn't show hand 
*** SUMMARY ***
Total pot $16.50 | Rake $0.82 
Board [Jh 6c Qd]
Seat 1: sta$igk folded before Flop (didn't bet)
Seat 2: michasia (button) folded before Flop (didn't bet)
Seat 3: neild72 (small blind) folded before Flop
Seat 4: BumHuntKing (big blind) folded before Flop
Seat 5: VonHolte folded on the Flop
Seat 6: AIien Hand collected ($15.68)



PokerStars Hand #254489668816:  Hold'em No Limit ($0.50/$1.00 USD) - 2025/01/21 20:55:36 WET [2025/01/21 15:55:36 ET]
Table 'Bohmia IV' 6-max Seat #3 is the button
Seat 1: sta$igk ($161.71 in chips) 
Seat 2: michasia ($157.67 in chips) 
Seat 3: neild72 ($111.04 in chips) 
Seat 4: BumHuntKing ($114.22 in chips) 
Seat 5: VonHolte ($105.41 in chips) 
Seat 6: AIien Hand ($110.79 in chips) 
BumHuntKing: posts small blind $0.50
VonHolte: posts big blind $1
*** HOLE CARDS ***
AIien Hand: folds 
sta$igk: folds 
michasia: folds 
neild72: raises $2 to $3
BumHuntKing: folds 
VonHolte: folds 
Uncalled bet ($2) returned to neild72
neild72 collected $2.50 from pot
*** SUMMARY ***
Total pot $2.50 | Rake $0 
Seat 1: sta$igk folded before Flop (didn't bet)
Seat 2: michasia folded before Flop (didn't bet)
Seat 3: neild72 (button) collected ($2.50)
Seat 4: BumHuntKing (small blind) folded before Flop
Seat 5: VonHolte (big blind) folded before Flop
Seat 6: AIien Hand folded before Flop (didn't bet)



PokerStars Hand #254489673749:  Hold'em No Limit ($0.50/$1.00 USD) - 2025/01/21 20:55:58 WET [2025/01/21 15:55:58 ET]
Table 'Bohmia IV' 6-max Seat #4 is the button
Seat 1: sta$igk ($161.71 in chips) 
Seat 2: michasia ($157.67 in chips) 
Seat 3: neild72 ($112.54 in chips) 
Seat 4: BumHuntKing ($113.72 in chips) 
Seat 5: VonHolte ($104.41 in chips) 
Seat 6: AIien Hand ($110.79 in chips) 
VonHolte: posts small blind $0.50
AIien Hand: posts big blind $1
*** HOLE CARDS ***
sta$igk: raises $1.50 to $2.50
michasia: folds 
neild72: folds 
BumHuntKing: folds 
VonHolte: folds 
AIien Hand: folds 
Uncalled bet ($1.50) returned to sta$igk
sta$igk collected $2.50 from pot
sta$igk: doesn't show hand 
*** SUMMARY ***
Total pot $2.50 | Rake $0 
Seat 1: sta$igk collected ($2.50)
Seat 2: michasia folded before Flop (didn't bet)
Seat 3: neild72 folded before Flop (didn't bet)
Seat 4: BumHuntKing (button) folded before Flop (didn't bet)
Seat 5: VonHolte (small blind) folded before Flop
Seat 6: AIien Hand (big blind) folded before Flop



PokerStars Hand #254489676885:  Hold'em No Limit ($0.50/$1.00 USD) - 2025/01/21 20:56:12 WET [2025/01/21 15:56:12 ET]
Table 'Bohmia IV' 6-max Seat #5 is the button
Seat 1: sta$igk ($163.21 in chips) 
Seat 2: michasia ($157.67 in chips) 
Seat 3: neild72 ($112.54 in chips) 
Seat 4: BumHuntKing ($113.72 in chips) 
Seat 5: VonHolte ($103.91 in chips) 
Seat 6: AIien Hand ($109.79 in chips) 
AIien Hand: posts small blind $0.50
sta$igk: posts big blind $1
*** HOLE CARDS ***
michasia: raises $1.60 to $2.60
neild72: folds 
BumHuntKing: folds 
VonHolte: folds 
AIien Hand: folds 
sta$igk: folds 
Uncalled bet ($1.60) returned to michasia
michasia collected $2.50 from pot
michasia: doesn't show hand 
*** SUMMARY ***
Total pot $2.50 | Rake $0 
Seat 1: sta$igk (big blind) folded before Flop
Seat 2: michasia collected ($2.50)
Seat 3: neild72 folded before Flop (didn't bet)
Seat 4: BumHuntKing folded before Flop (didn't bet)
Seat 5: VonHolte (button) folded before Flop (didn't bet)
Seat 6: AIien Hand (small blind) folded before Flop



PokerStars Hand #254489679276:  Hold'em No Limit ($0.50/$1.00 USD) - 2025/01/21 20:56:23 WET [2025/01/21 15:56:23 ET]
Table 'Bohmia IV' 6-max Seat #6 is the button
Seat 1: sta$igk ($162.21 in chips) 
Seat 2: michasia ($159.17 in chips) 
Seat 3: neild72 ($112.54 in chips) 
Seat 4: BumHuntKing ($113.72 in chips) 
Seat 5: VonHolte ($103.91 in chips) 
Seat 6: AIien Hand ($109.29 in chips) 
sta$igk: posts small blind $0.50
michasia: posts big blind $1
*** HOLE CARDS ***
neild72: calls $1
BumHuntKing: raises $2.50 to $3.50
VonHolte: folds 
AIien Hand: folds 
sta$igk: folds 
michasia: raises $9.50 to $13
neild72: folds 
BumHuntKing: folds 
Uncalled bet ($9.50) returned to michasia
michasia collected $8.50 from pot
michasia: doesn't show hand 
*** SUMMARY ***
Total pot $8.50 | Rake $0 
Seat 1: sta$igk (small blind) folded before Flop
Seat 2: michasia (big blind) collected ($8.50)
Seat 3: neild72 folded before Flop
Seat 4: BumHuntKing folded before Flop
Seat 5: VonHolte folded before Flop (didn't bet)
Seat 6: AIien Hand (button) folded before Flop (didn't bet)



PokerStars Hand #254489684630:  Hold'em No Limit ($0.50/$1.00 USD) - 2025/01/21 20:56:46 WET [2025/01/21 15:56:46 ET]
Table 'Bohmia IV' 6-max Seat #1 is the button
Seat 1: sta$igk ($161.71 in chips) 
Seat 2: michasia ($164.17 in chips) 
Seat 3: neild72 ($111.54 in chips) 
Seat 4: BumHuntKing ($110.22 in chips) 
Seat 5: VonHolte ($103.91 in chips) 
Seat 6: AIien Hand ($109.29 in chips) 
michasia: posts small blind $0.50
neild72: posts big blind $1
*** HOLE CARDS ***
BumHuntKing: raises $1.20 to $2.20
VonHolte: folds 
AIien Hand: folds 
sta$igk: raises $5.30 to $7.50
michasia: folds 
neild72: calls $6.50
BumHuntKing: folds 
*** FLOP *** [3c 2d 8s]
neild72: bets $12.41
sta$igk: folds 
Uncalled bet ($12.41) returned to neild72
neild72 collected $16.82 from pot
*** SUMMARY ***
Total pot $17.70 | Rake $0.88 
Board [3c 2d 8s]
Seat 1: sta$igk (button) folded on the Flop
Seat 2: michasia (small blind) folded before Flop
Seat 3: neild72 (big blind) collected ($16.82)
Seat 4: BumHuntKing folded before Flop
Seat 5: VonHolte folded before Flop (didn't bet)
Seat 6: AIien Hand folded before Flop (didn't bet)



PokerStars Hand #254489695755:  Hold'em No Limit ($0.50/$1.00 USD) - 2025/01/21 20:57:36 WET [2025/01/21 15:57:36 ET]
Table 'Bohmia IV' 6-max Seat #2 is the button
Seat 1: sta$igk ($154.21 in chips) 
Seat 2: michasia ($163.67 in chips) 
Seat 3: neild72 ($120.86 in chips) 
Seat 4: BumHuntKing ($108.02 in chips) 
Seat 5: VonHolte ($103.91 in chips) 
Seat 6: AIien Hand ($109.29 in chips) 
neild72: posts small blind $0.50
BumHuntKing: posts big blind $1
*** HOLE CARDS ***
VonHolte: folds 
AIien Hand: folds 
sta$igk: folds 
michasia: raises $1.80 to $2.80
neild72: calls $2.30
BumHuntKing: folds 
*** FLOP *** [Th Qc 5c]
neild72: checks 
michasia: bets $4.18
neild72: folds 
Uncalled bet ($4.18) returned to michasia
michasia collected $6.27 from pot
michasia: doesn't show hand 
*** SUMMARY ***
Total pot $6.60 | Rake $0.33 
Board [Th Qc 5c]
Seat 1: sta$igk folded before Flop (didn't bet)
Seat 2: michasia (button) collected ($6.27)
Seat 3: neild72 (small blind) folded on the Flop
Seat 4: BumHuntKing (big blind) folded before Flop
Seat 5: VonHolte folded before Flop (didn't bet)
Seat 6: AIien Hand folded before Flop (didn't bet)



PokerStars Hand #254489700482:  Hold'em No Limit ($0.50/$1.00 USD) - 2025/01/21 20:57:56 WET [2025/01/21 15:57:56 ET]
Table 'Bohmia IV' 6-max Seat #3 is the button
Seat 1: sta$igk ($154.21 in chips) 
Seat 2: michasia ($167.14 in chips) 
Seat 3: neild72 ($118.06 in chips) 
Seat 4: BumHuntKing ($107.02 in chips) 
Seat 5: VonHolte ($103.91 in chips) 
Seat 6: AIien Hand ($109.29 in chips) 
BumHuntKing: posts small blind $0.50
VonHolte: posts big blind $1
*** HOLE CARDS ***
AIien Hand: raises $1.20 to $2.20
sta$igk: folds 
michasia: folds 
neild72: folds 
BumHuntKing: folds 
VonHolte: folds 
Uncalled bet ($1.20) returned to AIien Hand
AIien Hand collected $2.50 from pot
AIien Hand: doesn't show hand 
*** SUMMARY ***
Total pot $2.50 | Rake $0 
Seat 1: sta$igk folded before Flop (didn't bet)
Seat 2: michasia folded before Flop (didn't bet)
Seat 3: neild72 (button) folded before Flop (didn't bet)
Seat 4: BumHuntKing (small blind) folded before Flop
Seat 5: VonHolte (big blind) folded before Flop
Seat 6: AIien Hand collected ($2.50)



PokerStars Hand #254490835235:  Hold'em No Limit ($0.50/$1.00 USD) - 2025/01/21 22:03:04 WET [2025/01/21 17:03:04 ET]
Table 'Bohmia IV' 6-max Seat #5 is the button
Seat 1: KarP93 ($143.84 in chips) 
Seat 2: michasia ($169.12 in chips) 
Seat 3: neild72 ($106.92 in chips) 
Seat 4: AlexPinsk1 ($155.92 in chips) 
Seat 5: tukeiron ($100 in chips) 
Seat 6: AIien Hand ($161.75 in chips) 
AIien Hand: posts small blind $0.50
KarP93: posts big blind $1
*** HOLE CARDS ***
michasia: folds 
neild72: folds 
AlexPinsk1: raises $1.50 to $2.50
tukeiron: folds 
AIien Hand: folds 
KarP93: folds 
Uncalled bet ($1.50) returned to AlexPinsk1
AlexPinsk1 collected $2.50 from pot
AlexPinsk1: doesn't show hand 
*** SUMMARY ***
Total pot $2.50 | Rake $0 
Seat 1: KarP93 (big blind) folded before Flop
Seat 2: michasia folded before Flop (didn't bet)
Seat 3: neild72 folded before Flop (didn't bet)
Seat 4: AlexPinsk1 collected ($2.50)
Seat 5: tukeiron (button) folded before Flop (didn't bet)
Seat 6: AIien Hand (small blind) folded before Flop



PokerStars Hand #254490842969:  Hold'em No Limit ($0.50/$1.00 USD) - 2025/01/21 22:03:31 WET [2025/01/21 17:03:31 ET]
Table 'Bohmia IV' 6-max Seat #6 is the button
Seat 1: KarP93 ($142.84 in chips) 
Seat 2: michasia ($169.12 in chips) 
Seat 3: neild72 ($106.92 in chips) 
Seat 4: AlexPinsk1 ($157.42 in chips) 
Seat 5: tukeiron ($100 in chips) 
Seat 6: AIien Hand ($161.25 in chips) 
KarP93: posts small blind $0.50
michasia: posts big blind $1
*** HOLE CARDS ***
neild72: folds 
AlexPinsk1: folds 
tukeiron: raises $1.50 to $2.50
AIien Hand: folds 
KarP93: folds 
michasia: folds 
Uncalled bet ($1.50) returned to tukeiron
tukeiron collected $2.50 from pot
*** SUMMARY ***
Total pot $2.50 | Rake $0 
Seat 1: KarP93 (small blind) folded before Flop
Seat 2: michasia (big blind) folded before Flop
Seat 3: neild72 folded before Flop (didn't bet)
Seat 4: AlexPinsk1 folded before Flop (didn't bet)
Seat 5: tukeiron collected ($2.50)
Seat 6: AIien Hand (button) folded before Flop (didn't bet)



PokerStars Hand #254490850801:  Hold'em No Limit ($0.50/$1.00 USD) - 2025/01/21 22:03:59 WET [2025/01/21 17:03:59 ET]
Table 'Bohmia IV' 6-max Seat #1 is the button
Seat 1: KarP93 ($142.34 in chips) 
Seat 2: michasia ($168.12 in chips) 
Seat 3: neild72 ($106.92 in chips) 
Seat 4: AlexPinsk1 ($157.42 in chips) 
Seat 5: tukeiron ($101.50 in chips) 
Seat 6: AIien Hand ($161.25 in chips) 
michasia: posts small blind $0.50
neild72: posts big blind $1
*** HOLE CARDS ***
AlexPinsk1: folds 
tukeiron: folds 
AIien Hand: folds 
KarP93: folds 
michasia: raises $2 to $3
neild72: calls $2
*** FLOP *** [5s Qh 9d]
michasia: bets $1.88
neild72: calls $1.88
*** TURN *** [5s Qh 9d] [Tc]
michasia: bets $11.59
neild72: folds 
Uncalled bet ($11.59) returned to michasia
michasia collected $9.27 from pot
michasia: doesn't show hand 
*** SUMMARY ***
Total pot $9.76 | Rake $0.49 
Board [5s Qh 9d Tc]
Seat 1: KarP93 (button) folded before Flop (didn't bet)
Seat 2: michasia (small blind) collected ($9.27)
Seat 3: neild72 (big blind) folded on the Turn
Seat 4: AlexPinsk1 folded before Flop (didn't bet)
Seat 5: tukeiron folded before Flop (didn't bet)
Seat 6: AIien Hand folded before Flop (didn't bet)



PokerStars Hand #254490861280:  Hold'em No Limit ($0.50/$1.00 USD) - 2025/01/21 22:04:36 WET [2025/01/21 17:04:36 ET]
Table 'Bohmia IV' 6-max Seat #2 is the button
Seat 1: KarP93 ($142.34 in chips) 
Seat 2: michasia ($172.51 in chips) 
Seat 3: neild72 ($102.04 in chips) 
Seat 4: AlexPinsk1 ($157.42 in chips) 
Seat 5: tukeiron ($101.50 in chips) 
Seat 6: AIien Hand ($161.25 in chips) 
neild72: posts small blind $0.50
AlexPinsk1: posts big blind $1
*** HOLE CARDS ***
tukeiron: raises $1.50 to $2.50
AIien Hand: folds 
KarP93: raises $5.50 to $8
michasia: folds 
neild72: folds 
AlexPinsk1: folds 
tukeiron: folds 
Uncalled bet ($5.50) returned to KarP93
KarP93 collected $6.50 from pot
KarP93: doesn't show hand 
*** SUMMARY ***
Total pot $6.50 | Rake $0 
Seat 1: KarP93 collected ($6.50)
Seat 2: michasia (button) folded before Flop (didn't bet)
Seat 3: neild72 (small blind) folded before Flop
Seat 4: AlexPinsk1 (big blind) folded before Flop
Seat 5: tukeiron folded before Flop
Seat 6: AIien Hand folded before Flop (didn't bet)



PokerStars Hand #254490872621:  Hold'em No Limit ($0.50/$1.00 USD) - 2025/01/21 22:05:16 WET [2025/01/21 17:05:16 ET]
Table 'Bohmia IV' 6-max Seat #3 is the button
Seat 1: KarP93 ($146.34 in chips) 
Seat 2: michasia ($172.51 in chips) 
Seat 3: neild72 ($101.54 in chips) 
Seat 4: AlexPinsk1 ($156.42 in chips) 
Seat 5: tukeiron ($100 in chips) 
Seat 6: AIien Hand ($161.25 in chips) 
AlexPinsk1: posts small blind $0.50
tukeiron: posts big blind $1
*** HOLE CARDS ***
AIien Hand: folds 
KarP93: folds 
michasia: folds 
neild72: folds 
AlexPinsk1: raises $2 to $3
tukeiron: calls $2
*** FLOP *** [9c 9d Td]
AlexPinsk1: checks 
tukeiron: bets $1.88
AlexPinsk1: calls $1.88
*** TURN *** [9c 9d Td] [Ts]
AlexPinsk1: checks 
tukeiron: bets $3.06
AlexPinsk1: calls $3.06
*** RIVER *** [9c 9d Td Ts] [2c]
AlexPinsk1: checks 
tukeiron: bets $4.98
AlexPinsk1: calls $4.98
*** SHOW DOWN ***
tukeiron: shows [Ah Tc] (a full house, Tens full of Nines)
AlexPinsk1: mucks hand 
tukeiron collected $24.55 from pot
*** SUMMARY ***
Total pot $25.84 | Rake $1.29 
Board [9c 9d Td Ts 2c]
Seat 1: KarP93 folded before Flop (didn't bet)
Seat 2: michasia folded before Flop (didn't bet)
Seat 3: neild72 (button) folded before Flop (didn't bet)
Seat 4: AlexPinsk1 (small blind) mucked
Seat 5: tukeiron (big blind) showed [Ah Tc] and won ($24.55) with a full house, Tens full of Nines
Seat 6: AIien Hand folded before Flop (didn't bet)



PokerStars Hand #254490899402:  Hold'em No Limit ($0.50/$1.00 USD) - 2025/01/21 22:06:49 WET [2025/01/21 17:06:49 ET]
Table 'Bohmia IV' 6-max Seat #4 is the button
Seat 1: KarP93 ($146.34 in chips) 
Seat 2: michasia ($172.51 in chips) 
Seat 3: neild72 ($101.54 in chips) 
Seat 4: AlexPinsk1 ($143.50 in chips) 
Seat 5: tukeiron ($111.63 in chips) 
Seat 6: AIien Hand ($161.25 in chips) 
tukeiron: posts small blind $0.50
AIien Hand: posts big blind $1
*** HOLE CARDS ***
KarP93: folds 
michasia: folds 
neild72: raises $2 to $3
AlexPinsk1: folds 
tukeiron: folds 
AIien Hand: folds 
Uncalled bet ($2) returned to neild72
neild72 collected $2.50 from pot
*** SUMMARY ***
Total pot $2.50 | Rake $0 
Seat 1: KarP93 folded before Flop (didn't bet)
Seat 2: michasia folded before Flop (didn't bet)
Seat 3: neild72 collected ($2.50)
Seat 4: AlexPinsk1 (button) folded before Flop (didn't bet)
Seat 5: tukeiron (small blind) folded before Flop
Seat 6: AIien Hand (big blind) folded before Flop



PokerStars Hand #254490903542:  Hold'em No Limit ($0.50/$1.00 USD) - 2025/01/21 22:07:04 WET [2025/01/21 17:07:04 ET]
Table 'Bohmia IV' 6-max Seat #5 is the button
Seat 1: KarP93 ($146.34 in chips) 
Seat 2: michasia ($172.51 in chips) 
Seat 3: neild72 ($103.04 in chips) 
Seat 4: AlexPinsk1 ($143.50 in chips) 
Seat 5: tukeiron ($111.13 in chips) 
Seat 6: AIien Hand ($160.25 in chips) 
AIien Hand: posts small blind $0.50
KarP93: posts big blind $1
*** HOLE CARDS ***
michasia: folds 
neild72: calls $1
AlexPinsk1: folds 
tukeiron: raises $3 to $4
AIien Hand: folds 
KarP93: folds 
neild72: calls $3
*** FLOP *** [8c 7s Kc]
neild72: checks 
tukeiron: bets $4.51
neild72: calls $4.51
*** TURN *** [8c 7s Kc] [8s]
neild72: checks 
tukeiron: checks 
*** RIVER *** [8c 7s Kc 8s] [Qh]
neild72: checks 
tukeiron: checks 
*** SHOW DOWN ***
neild72: shows [9c 7c] (two pair, Eights and Sevens)
tukeiron: shows [Qd 9s] (two pair, Queens and Eights)
tukeiron collected $17.59 from pot
*** SUMMARY ***
Total pot $18.52 | Rake $0.93 
Board [8c 7s Kc 8s Qh]
Seat 1: KarP93 (big blind) folded before Flop
Seat 2: michasia folded before Flop (didn't bet)
Seat 3: neild72 showed [9c 7c] and lost with two pair, Eights and Sevens
Seat 4: AlexPinsk1 folded before Flop (didn't bet)
Seat 5: tukeiron (button) showed [Qd 9s] and won ($17.59) with two pair, Queens and Eights
Seat 6: AIien Hand (small blind) folded before Flop



PokerStars Hand #254490917379:  Hold'em No Limit ($0.50/$1.00 USD) - 2025/01/21 22:07:53 WET [2025/01/21 17:07:53 ET]
Table 'Bohmia IV' 6-max Seat #6 is the button
Seat 1: KarP93 ($145.34 in chips) 
Seat 2: michasia ($172.51 in chips) 
Seat 3: neild72 ($94.53 in chips) 
Seat 4: AlexPinsk1 ($143.50 in chips) 
Seat 5: tukeiron ($120.21 in chips) 
Seat 6: AIien Hand ($159.75 in chips) 
KarP93: posts small blind $0.50
michasia: posts big blind $1
*** HOLE CARDS ***
neild72: raises $2 to $3
AlexPinsk1: folds 
tukeiron: folds 
AIien Hand: folds 
KarP93: folds 
michasia: folds 
Uncalled bet ($2) returned to neild72
neild72 collected $2.50 from pot
*** SUMMARY ***
Total pot $2.50 | Rake $0 
Seat 1: KarP93 (small blind) folded before Flop
Seat 2: michasia (big blind) folded before Flop
Seat 3: neild72 collected ($2.50)
Seat 4: AlexPinsk1 folded before Flop (didn't bet)
Seat 5: tukeiron folded before Flop (didn't bet)
Seat 6: AIien Hand (button) folded before Flop (didn't bet)



PokerStars Hand #254490923937:  Hold'em No Limit ($0.50/$1.00 USD) - 2025/01/21 22:08:16 WET [2025/01/21 17:08:16 ET]
Table 'Bohmia IV' 6-max Seat #1 is the button
Seat 1: KarP93 ($144.84 in chips) 
Seat 2: michasia ($171.51 in chips) 
Seat 3: neild72 ($96.03 in chips) 
Seat 4: AlexPinsk1 ($143.50 in chips) 
Seat 5: tukeiron ($120.21 in chips) 
Seat 6: AIien Hand ($159.75 in chips) 
michasia: posts small blind $0.50
neild72: posts big blind $1
*** HOLE CARDS ***
AlexPinsk1: folds 
tukeiron: folds 
AIien Hand: raises $2 to $3
KarP93: folds 
michasia: folds 
neild72: folds 
Uncalled bet ($2) returned to AIien Hand
AIien Hand collected $2.50 from pot
AIien Hand: doesn't show hand 
*** SUMMARY ***
Total pot $2.50 | Rake $0 
Seat 1: KarP93 (button) folded before Flop (didn't bet)
Seat 2: michasia (small blind) folded before Flop
Seat 3: neild72 (big blind) folded before Flop
Seat 4: AlexPinsk1 folded before Flop (didn't bet)
Seat 5: tukeiron folded before Flop (didn't bet)
Seat 6: AIien Hand collected ($2.50)



PokerStars Hand #254490929023:  Hold'em No Limit ($0.50/$1.00 USD) - 2025/01/21 22:08:34 WET [2025/01/21 17:08:34 ET]
Table 'Bohmia IV' 6-max Seat #2 is the button
Seat 1: KarP93 ($144.84 in chips) 
Seat 2: michasia ($171.01 in chips) 
Seat 3: neild72 ($95.03 in chips) 
Seat 4: AlexPinsk1 ($143.50 in chips) 
Seat 5: tukeiron ($120.21 in chips) 
Seat 6: AIien Hand ($161.25 in chips) 
neild72: posts small blind $0.50
AlexPinsk1: posts big blind $1
*** HOLE CARDS ***
tukeiron: folds 
AIien Hand: folds 
KarP93: folds 
michasia: folds 
neild72: calls $0.50
AlexPinsk1: checks 
*** FLOP *** [8d Ts Jd]
neild72: bets $1
AlexPinsk1: folds 
Uncalled bet ($1) returned to neild72
neild72 collected $1.90 from pot
*** SUMMARY ***
Total pot $2 | Rake $0.10 
Board [8d Ts Jd]
Seat 1: KarP93 folded before Flop (didn't bet)
Seat 2: michasia (button) folded before Flop (didn't bet)
Seat 3: neild72 (small blind) collected ($1.90)
Seat 4: AlexPinsk1 (big blind) folded on the Flop
Seat 5: tukeiron folded before Flop (didn't bet)
Seat 6: AIien Hand folded before Flop (didn't bet)



PokerStars Hand #254490939557:  Hold'em No Limit ($0.50/$1.00 USD) - 2025/01/21 22:09:11 WET [2025/01/21 17:09:11 ET]
Table 'Bohmia IV' 6-max Seat #3 is the button
Seat 1: KarP93 ($144.84 in chips) 
Seat 2: michasia ($171.01 in chips) 
Seat 3: neild72 ($95.93 in chips) 
Seat 4: AlexPinsk1 ($142.50 in chips) 
Seat 5: tukeiron ($120.21 in chips) 
Seat 6: AIien Hand ($161.25 in chips) 
AlexPinsk1: posts small blind $0.50
tukeiron: posts big blind $1
*** HOLE CARDS ***
AIien Hand: folds 
KarP93: folds 
michasia: raises $1.80 to $2.80
neild72: raises $6.10 to $8.90
AlexPinsk1: folds 
tukeiron: folds 
michasia: calls $6.10
*** FLOP *** [Tc 5s 7s]
michasia: checks 
neild72: bets $12.17
michasia: calls $12.17
*** TURN *** [Tc 5s 7s] [Kc]
michasia: checks 
neild72: checks 
*** RIVER *** [Tc 5s 7s Kc] [9d]
michasia: checks 
neild72: checks 
*** SHOW DOWN ***
michasia: shows [As 8s] (high card Ace)
neild72: shows [4c 4s] (a pair of Fours)
neild72 collected $41.46 from pot
*** SUMMARY ***
Total pot $43.64 | Rake $2.18 
Board [Tc 5s 7s Kc 9d]
Seat 1: KarP93 folded before Flop (didn't bet)
Seat 2: michasia showed [As 8s] and lost with high card Ace
Seat 3: neild72 (button) showed [4c 4s] and won ($41.46) with a pair of Fours
Seat 4: AlexPinsk1 (small blind) folded before Flop
Seat 5: tukeiron (big blind) folded before Flop
Seat 6: AIien Hand folded before Flop (didn't bet)



PokerStars Hand #254490948957:  Hold'em No Limit ($0.50/$1.00 USD) - 2025/01/21 22:09:44 WET [2025/01/21 17:09:44 ET]
Table 'Bohmia IV' 6-max Seat #4 is the button
Seat 6: AIien Hand ($161.25 in chips) is sitting out
Seat 1: KarP93 ($144.84 in chips) 
Seat 2: michasia ($149.94 in chips) 
Seat 3: neild72 ($116.32 in chips) 
Seat 4: AlexPinsk1 ($142 in chips) 
Seat 5: tukeiron ($119.21 in chips) 
tukeiron: posts small blind $0.50
AIien Hand: is sitting out 
KarP93: posts big blind $1
*** HOLE CARDS ***
michasia: folds 
neild72: folds 
AlexPinsk1: folds 
tukeiron: raises $2 to $3
KarP93: folds 
Uncalled bet ($2) returned to tukeiron
tukeiron collected $2 from pot
*** SUMMARY ***
Total pot $2 | Rake $0 
Seat 6: AIien Hand
Seat 1: KarP93 (big blind) folded before Flop
Seat 2: michasia folded before Flop (didn't bet)
Seat 3: neild72 folded before Flop (didn't bet)
Seat 4: AlexPinsk1 (button) folded before Flop (didn't bet)
Seat 5: tukeiron (small blind) collected ($2)



PokerStars Hand #254490952677:  Hold'em No Limit ($0.50/$1.00 USD) - 2025/01/21 22:09:58 WET [2025/01/21 17:09:58 ET]
Table 'Bohmia IV' 6-max Seat #5 is the button
Seat 6: AIien Hand ($161.25 in chips) is sitting out
Seat 1: KarP93 ($143.84 in chips) 
Seat 2: michasia ($149.94 in chips) 
Seat 3: neild72 ($116.32 in chips) 
Seat 4: AlexPinsk1 ($142 in chips) 
Seat 5: tukeiron ($120.21 in chips) 
KarP93: posts small blind $0.50
michasia: posts big blind $1
*** HOLE CARDS ***
neild72: folds 
AlexPinsk1: raises $1.50 to $2.50
tukeiron: folds 
KarP93: folds 
michasia: raises $9.50 to $12
AlexPinsk1: folds 
Uncalled bet ($9.50) returned to michasia
michasia collected $5.50 from pot
michasia: doesn't show hand 
*** SUMMARY ***
Total pot $5.50 | Rake $0 
Seat 6: AIien Hand
Seat 1: KarP93 (small blind) folded before Flop
Seat 2: michasia (big blind) collected ($5.50)
Seat 3: neild72 folded before Flop (didn't bet)
Seat 4: AlexPinsk1 folded before Flop
Seat 5: tukeiron (button) folded before Flop (didn't bet)



PokerStars Hand #254490959545:  Hold'em No Limit ($0.50/$1.00 USD) - 2025/01/21 22:10:22 WET [2025/01/21 17:10:22 ET]
Table 'Bohmia IV' 6-max Seat #1 is the button
Seat 6: AIien Hand ($161.25 in chips) is sitting out
Seat 1: KarP93 ($143.34 in chips) 
Seat 2: michasia ($152.94 in chips) 
Seat 3: neild72 ($116.32 in chips) 
Seat 4: AlexPinsk1 ($139.50 in chips) 
Seat 5: tukeiron ($120.21 in chips) 
michasia: posts small blind $0.50
neild72: posts big blind $1
*** HOLE CARDS ***
AlexPinsk1: folds 
tukeiron: folds 
KarP93: folds 
michasia: folds 
Uncalled bet ($0.50) returned to neild72
neild72 collected $1 from pot
*** SUMMARY ***
Total pot $1 | Rake $0 
Seat 6: AIien Hand
Seat 1: KarP93 (button) folded before Flop (didn't bet)
Seat 2: michasia (small blind) folded before Flop
Seat 3: neild72 (big blind) collected ($1)
Seat 4: AlexPinsk1 folded before Flop (didn't bet)
Seat 5: tukeiron folded before Flop (didn't bet)



PokerStars Hand #254490962809:  Hold'em No Limit ($0.50/$1.00 USD) - 2025/01/21 22:10:33 WET [2025/01/21 17:10:33 ET]
Table 'Bohmia IV' 6-max Seat #2 is the button
Seat 6: AIien Hand ($161.25 in chips) is sitting out
Seat 1: KarP93 ($143.34 in chips) 
Seat 2: michasia ($152.44 in chips) 
Seat 3: neild72 ($116.82 in chips) 
Seat 4: AlexPinsk1 ($139.50 in chips) 
Seat 5: tukeiron ($120.21 in chips) 
neild72: posts small blind $0.50
AlexPinsk1: posts big blind $1
*** HOLE CARDS ***
tukeiron: folds 
KarP93: folds 
michasia: raises $1.80 to $2.80
neild72: folds 
AlexPinsk1: folds 
Uncalled bet ($1.80) returned to michasia
michasia collected $2.50 from pot
michasia: doesn't show hand 
*** SUMMARY ***
Total pot $2.50 | Rake $0 
Seat 6: AIien Hand
Seat 1: KarP93 folded before Flop (didn't bet)
Seat 2: michasia (button) collected ($2.50)
Seat 3: neild72 (small blind) folded before Flop
Seat 4: AlexPinsk1 (big blind) folded before Flop
Seat 5: tukeiron folded before Flop (didn't bet)



PokerStars Hand #254490967237:  Hold'em No Limit ($0.50/$1.00 USD) - 2025/01/21 22:10:49 WET [2025/01/21 17:10:49 ET]
Table 'Bohmia IV' 6-max Seat #3 is the button
Seat 6: AIien Hand ($161.25 in chips) is sitting out
Seat 1: KarP93 ($143.34 in chips) 
Seat 2: michasia ($153.94 in chips) 
Seat 3: neild72 ($116.32 in chips) 
Seat 4: AlexPinsk1 ($138.50 in chips) 
Seat 5: tukeiron ($120.21 in chips) 
AlexPinsk1: posts small blind $0.50
tukeiron: posts big blind $1
*** HOLE CARDS ***
KarP93: folds 
michasia: folds 
neild72: calls $1
AlexPinsk1: calls $0.50
tukeiron: checks 
*** FLOP *** [3c Ad Td]
AlexPinsk1: checks 
tukeiron: checks 
neild72: checks 
*** TURN *** [3c Ad Td] [8d]
AlexPinsk1: checks 
tukeiron: bets $1.50
neild72: calls $1.50
AlexPinsk1: folds 
*** RIVER *** [3c Ad Td 8d] [7s]
tukeiron: checks 
neild72: bets $2.85
tukeiron: calls $2.85
*** SHOW DOWN ***
neild72: shows [Ah 3s] (two pair, Aces and Threes)
tukeiron: mucks hand 
neild72 collected $11.12 from pot
*** SUMMARY ***
Total pot $11.70 | Rake $0.58 
Board [3c Ad Td 8d 7s]
Seat 6: AIien Hand
Seat 1: KarP93 folded before Flop (didn't bet)
Seat 2: michasia folded before Flop (didn't bet)
Seat 3: neild72 (button) showed [Ah 3s] and won ($11.12) with two pair, Aces and Threes
Seat 4: AlexPinsk1 (small blind) folded on the Turn
Seat 5: tukeiron (big blind) mucked



PokerStars Hand #254490980488:  Hold'em No Limit ($0.50/$1.00 USD) - 2025/01/21 22:11:35 WET [2025/01/21 17:11:35 ET]
Table 'Bohmia IV' 6-max Seat #4 is the button
Seat 6: AIien Hand ($161.25 in chips) is sitting out
Seat 1: KarP93 ($143.34 in chips) 
Seat 2: michasia ($153.94 in chips) 
Seat 3: neild72 ($122.09 in chips) 
Seat 4: AlexPinsk1 ($137.50 in chips) 
Seat 5: tukeiron ($114.86 in chips) 
tukeiron: posts small blind $0.50
KarP93: posts big blind $1
*** HOLE CARDS ***
michasia: folds 
neild72: calls $1
AlexPinsk1: folds 
tukeiron: raises $6 to $7
KarP93: folds 
neild72: calls $6
*** FLOP *** [Kd Qs 8d]
tukeiron: bets $2.85
neild72: calls $2.85
*** TURN *** [Kd Qs 8d] [4h]
tukeiron: bets $9.83
neild72: calls $9.83
*** RIVER *** [Kd Qs 8d 4h] [Ah]
tukeiron: checks 
neild72: checks 
*** SHOW DOWN ***
tukeiron: shows [Ts Kc] (a pair of Kings)
neild72: mucks hand 
tukeiron collected $38.34 from pot
*** SUMMARY ***
Total pot $40.36 | Rake $2.02 
Board [Kd Qs 8d 4h Ah]
Seat 6: AIien Hand
Seat 1: KarP93 (big blind) folded before Flop
Seat 2: michasia folded before Flop (didn't bet)
Seat 3: neild72 mucked
Seat 4: AlexPinsk1 (button) folded before Flop (didn't bet)
Seat 5: tukeiron (small blind) showed [Ts Kc] and won ($38.34) with a pair of Kings



PokerStars Hand #254490994679:  Hold'em No Limit ($0.50/$1.00 USD) - 2025/01/21 22:12:24 WET [2025/01/21 17:12:24 ET]
Table 'Bohmia IV' 6-max Seat #5 is the button
Seat 6: AIien Hand ($161.25 in chips) is sitting out
Seat 1: KarP93 ($142.34 in chips) 
Seat 2: michasia ($153.94 in chips) 
Seat 3: neild72 ($102.41 in chips) 
Seat 4: AlexPinsk1 ($137.50 in chips) 
Seat 5: tukeiron ($133.52 in chips) 
KarP93: posts small blind $0.50
michasia: posts big blind $1
*** HOLE CARDS ***
neild72: folds 
AlexPinsk1: raises $1.50 to $2.50
tukeiron: folds 
KarP93: folds 
michasia: folds 
Uncalled bet ($1.50) returned to AlexPinsk1
AlexPinsk1 collected $2.50 from pot
AlexPinsk1: doesn't show hand 
*** SUMMARY ***
Total pot $2.50 | Rake $0 
Seat 6: AIien Hand
Seat 1: KarP93 (small blind) folded before Flop
Seat 2: michasia (big blind) folded before Flop
Seat 3: neild72 folded before Flop (didn't bet)
Seat 4: AlexPinsk1 collected ($2.50)
Seat 5: tukeiron (button) folded before Flop (didn't bet)



PokerStars Hand #254490997906:  Hold'em No Limit ($0.50/$1.00 USD) - 2025/01/21 22:12:35 WET [2025/01/21 17:12:35 ET]
Table 'Bohmia IV' 6-max Seat #1 is the button
Seat 6: AIien Hand ($161.25 in chips) is sitting out
Seat 1: KarP93 ($141.84 in chips) 
Seat 2: michasia ($152.94 in chips) 
Seat 3: neild72 ($102.41 in chips) 
Seat 4: AlexPinsk1 ($139 in chips) 
Seat 5: tukeiron ($133.52 in chips) 
michasia: posts small blind $0.50
neild72: posts big blind $1
*** HOLE CARDS ***
AlexPinsk1: folds 
tukeiron: folds 
KarP93: folds 
michasia: raises $2 to $3
neild72: folds 
Uncalled bet ($2) returned to michasia
michasia collected $2 from pot
michasia: doesn't show hand 
*** SUMMARY ***
Total pot $2 | Rake $0 
Seat 6: AIien Hand
Seat 1: KarP93 (button) folded before Flop (didn't bet)
Seat 2: michasia (small blind) collected ($2)
Seat 3: neild72 (big blind) folded before Flop
Seat 4: AlexPinsk1 folded before Flop (didn't bet)
Seat 5: tukeiron folded before Flop (didn't bet)



PokerStars Hand #254491001299:  Hold'em No Limit ($0.50/$1.00 USD) - 2025/01/21 22:12:47 WET [2025/01/21 17:12:47 ET]
Table 'Bohmia IV' 6-max Seat #2 is the button
Seat 6: AIien Hand ($161.25 in chips) is sitting out
Seat 1: KarP93 ($141.84 in chips) 
Seat 2: michasia ($153.94 in chips) 
Seat 3: neild72 ($101.41 in chips) 
Seat 4: AlexPinsk1 ($139 in chips) 
Seat 5: tukeiron ($133.52 in chips) 
neild72: posts small blind $0.50
AlexPinsk1: posts big blind $1
*** HOLE CARDS ***
tukeiron: folds 
KarP93: raises $1.50 to $2.50
michasia: folds 
neild72: folds 
AlexPinsk1: folds 
Uncalled bet ($1.50) returned to KarP93
KarP93 collected $2.50 from pot
KarP93: doesn't show hand 
*** SUMMARY ***
Total pot $2.50 | Rake $0 
Seat 6: AIien Hand
Seat 1: KarP93 collected ($2.50)
Seat 2: michasia (button) folded before Flop (didn't bet)
Seat 3: neild72 (small blind) folded before Flop
Seat 4: AlexPinsk1 (big blind) folded before Flop
Seat 5: tukeiron folded before Flop (didn't bet)



PokerStars Hand #254491006031:  Hold'em No Limit ($0.50/$1.00 USD) - 2025/01/21 22:13:03 WET [2025/01/21 17:13:03 ET]
Table 'Bohmia IV' 6-max Seat #3 is the button
Seat 5: tukeiron ($133.52 in chips) is sitting out
Seat 6: AIien Hand ($161.25 in chips) is sitting out
Seat 1: KarP93 ($143.34 in chips) 
Seat 2: michasia ($153.94 in chips) 
Seat 3: neild72 ($100.91 in chips) 
Seat 4: AlexPinsk1 ($138 in chips) 
AlexPinsk1: posts small blind $0.50
tukeiron: is sitting out 
KarP93: posts big blind $1
*** HOLE CARDS ***
michasia: folds 
neild72: folds 
AlexPinsk1: raises $2 to $3
KarP93: folds 
Uncalled bet ($2) returned to AlexPinsk1
AlexPinsk1 collected $2 from pot
AlexPinsk1: doesn't show hand 
*** SUMMARY ***
Total pot $2 | Rake $0 
Seat 5: tukeiron
Seat 6: AIien Hand
Seat 1: KarP93 (big blind) folded before Flop
Seat 2: michasia folded before Flop (didn't bet)
Seat 3: neild72 (button) folded before Flop (didn't bet)
Seat 4: AlexPinsk1 (small blind) collected ($2)



PokerStars Hand #254491009998:  Hold'em No Limit ($0.50/$1.00 USD) - 2025/01/21 22:13:17 WET [2025/01/21 17:13:17 ET]
Table 'Bohmia IV' 6-max Seat #4 is the button
Seat 5: tukeiron ($133.52 in chips) is sitting out
Seat 6: AIien Hand ($161.25 in chips) is sitting out
Seat 1: KarP93 ($142.34 in chips) 
Seat 2: michasia ($153.94 in chips) 
Seat 3: neild72 ($100.91 in chips) 
Seat 4: AlexPinsk1 ($139 in chips) 
KarP93: posts small blind $0.50
michasia: posts big blind $1
*** HOLE CARDS ***
neild72: raises $2 to $3
tukeiron leaves the table
AlexPinsk1: folds 
KarP93: raises $9 to $12
michasia: folds 
neild72: calls $9
*** FLOP *** [5c Kh Qh]
KarP93: bets $12
neild72: folds 
Uncalled bet ($12) returned to KarP93
KarP93 collected $24 from pot
KarP93: doesn't show hand 
*** SUMMARY ***
Total pot $25 | Rake $1 
Board [5c Kh Qh]
Seat 5: tukeiron
Seat 6: AIien Hand
Seat 1: KarP93 (small blind) collected ($24)
Seat 2: michasia (big blind) folded before Flop
Seat 3: neild72 folded on the Flop
Seat 4: AlexPinsk1 (button) folded before Flop (didn't bet)



PokerStars Hand #254491020448:  Hold'em No Limit ($0.50/$1.00 USD) - 2025/01/21 22:13:53 WET [2025/01/21 17:13:53 ET]
Table 'Bohmia IV' 6-max Seat #1 is the button
Seat 6: AIien Hand ($161.25 in chips) is sitting out
Seat 1: KarP93 ($154.34 in chips) 
Seat 2: michasia ($152.94 in chips) 
Seat 3: neild72 ($88.91 in chips) 
Seat 4: AlexPinsk1 ($139 in chips) 
michasia: posts small blind $0.50
neild72: posts big blind $1
AIien Hand: sits out 
*** HOLE CARDS ***
henri789 joins the table at seat #5 
AlexPinsk1: folds 
KarP93: folds 
michasia: raises $2 to $3
neild72: folds 
Uncalled bet ($2) returned to michasia
michasia collected $2 from pot
michasia: doesn't show hand 
*** SUMMARY ***
Total pot $2 | Rake $0 
Seat 6: AIien Hand
Seat 1: KarP93 (button) folded before Flop (didn't bet)
Seat 2: michasia (small blind) collected ($2)
Seat 3: neild72 (big blind) folded before Flop
Seat 4: AlexPinsk1 folded before Flop (didn't bet)



PokerStars Hand #254491023220:  Hold'em No Limit ($0.50/$1.00 USD) - 2025/01/21 22:14:03 WET [2025/01/21 17:14:03 ET]
Table 'Bohmia IV' 6-max Seat #2 is the button
Seat 5: henri789 ($100 in chips) is sitting out
Seat 6: AIien Hand ($161.25 in chips) is sitting out
Seat 1: KarP93 ($154.34 in chips) 
Seat 2: michasia ($153.94 in chips) 
Seat 3: neild72 ($87.91 in chips) 
Seat 4: AlexPinsk1 ($139 in chips) 
neild72: posts small blind $0.50
AlexPinsk1: posts big blind $1
henri789: sits out 
AIien Hand: sits out 
*** HOLE CARDS ***
KarP93: folds 
michasia: folds 
neild72: raises $2 to $3
AlexPinsk1: raises $6 to $9
neild72: calls $6
*** FLOP *** [2s Js 5s]
neild72: checks 
AlexPinsk1: bets $5.64
neild72: calls $5.64
*** TURN *** [2s Js 5s] [5h]
neild72: bets $16.14
AlexPinsk1: calls $16.14
*** RIVER *** [2s Js 5s 5h] [7s]
neild72: checks 
AlexPinsk1: checks 
*** SHOW DOWN ***
neild72: shows [Ad Qh] (a pair of Fives)
AlexPinsk1: shows [Jc Kc] (two pair, Jacks and Fives)
AlexPinsk1 collected $60.56 from pot
*** SUMMARY ***
Total pot $61.56 | Rake $1 
Board [2s Js 5s 5h 7s]
Seat 5: henri789
Seat 6: AIien Hand
Seat 1: KarP93 folded before Flop (didn't bet)
Seat 2: michasia (button) folded before Flop (didn't bet)
Seat 3: neild72 (small blind) showed [Ad Qh] and lost with a pair of Fives
Seat 4: AlexPinsk1 (big blind) showed [Jc Kc] and won ($60.56) with two pair, Jacks and Fives



PokerStars Hand #254491038396:  Hold'em No Limit ($0.50/$1.00 USD) - 2025/01/21 22:14:55 WET [2025/01/21 17:14:55 ET]
Table 'Bohmia IV' 6-max Seat #3 is the button
Seat 6: AIien Hand ($161.25 in chips) is sitting out
Seat 1: KarP93 ($154.34 in chips) 
Seat 2: michasia ($153.94 in chips) 
Seat 3: neild72 ($57.13 in chips) 
Seat 4: AlexPinsk1 ($168.78 in chips) 
Seat 5: henri789 ($100 in chips) 
AlexPinsk1: posts small blind $0.50
henri789: posts big blind $1
AIien Hand: sits out 
*** HOLE CARDS ***
KarP93: folds 
michasia: folds 
neild72: raises $2 to $3
AlexPinsk1: folds 
henri789: calls $2
*** FLOP *** [Qh 2c 3d]
henri789: checks 
neild72: bets $3.09
henri789: folds 
Uncalled bet ($3.09) returned to neild72
neild72 collected $6.18 from pot
*** SUMMARY ***
Total pot $6.50 | Rake $0.32 
Board [Qh 2c 3d]
Seat 6: AIien Hand
Seat 1: KarP93 folded before Flop (didn't bet)
Seat 2: michasia folded before Flop (didn't bet)
Seat 3: neild72 (button) collected ($6.18)
Seat 4: AlexPinsk1 (small blind) folded before Flop
Seat 5: henri789 (big blind) folded on the Flop



PokerStars Hand #254491046949:  Hold'em No Limit ($0.50/$1.00 USD) - 2025/01/21 22:15:25 WET [2025/01/21 17:15:25 ET]
Table 'Bohmia IV' 6-max Seat #4 is the button
Seat 1: KarP93 ($154.34 in chips) 
Seat 2: michasia ($153.94 in chips) 
Seat 3: neild72 ($60.31 in chips) 
Seat 4: AlexPinsk1 ($168.28 in chips) 
Seat 5: henri789 ($100 in chips) 
Seat 6: AIien Hand ($161.25 in chips) 
henri789: posts small blind $0.50
AIien Hand: posts big blind $1
*** HOLE CARDS ***
KarP93: folds 
michasia: folds 
neild72: folds 
AlexPinsk1: raises $1.50 to $2.50
henri789: folds 
AIien Hand: calls $1.50
*** FLOP *** [8s 5d 7c]
AIien Hand: checks 
AlexPinsk1: checks 
*** TURN *** [8s 5d 7c] [2d]
AIien Hand: checks 
AlexPinsk1: checks 
*** RIVER *** [8s 5d 7c 2d] [3s]
AIien Hand: bets $1.57
AlexPinsk1: folds 
Uncalled bet ($1.57) returned to AIien Hand
AIien Hand collected $5.22 from pot
AIien Hand: doesn't show hand 
*** SUMMARY ***
Total pot $5.50 | Rake $0.28 
Board [8s 5d 7c 2d 3s]
Seat 1: KarP93 folded before Flop (didn't bet)
Seat 2: michasia folded before Flop (didn't bet)
Seat 3: neild72 folded before Flop (didn't bet)
Seat 4: AlexPinsk1 (button) folded on the River
Seat 5: henri789 (small blind) folded before Flop
Seat 6: AIien Hand (big blind) collected ($5.22)



PokerStars Hand #254491078559:  Hold'em No Limit ($0.50/$1.00 USD) - 2025/01/21 22:17:13 WET [2025/01/21 17:17:13 ET]
Table 'Bohmia IV' 6-max Seat #5 is the button
Seat 1: KarP93 ($154.34 in chips) 
Seat 2: michasia ($153.94 in chips) 
Seat 3: neild72 ($60.31 in chips) 
Seat 4: AlexPinsk1 ($165.78 in chips) 
Seat 5: henri789 ($100 in chips) 
Seat 6: AIien Hand ($163.97 in chips) 
AIien Hand: posts small blind $0.50
KarP93: posts big blind $1
*** HOLE CARDS ***
michasia: folds 
neild72: calls $1
AlexPinsk1: folds 
henri789: raises $2.50 to $3.50
AIien Hand: raises $9.50 to $13
KarP93: folds 
neild72: calls $12
henri789: folds 
*** FLOP *** [3h 8c 6s]
AIien Hand: checks 
neild72: bets $28.98
AIien Hand: folds 
Uncalled bet ($28.98) returned to neild72
neild72 collected $28.98 from pot
*** SUMMARY ***
Total pot $30.50 | Rake $1.52 
Board [3h 8c 6s]
Seat 1: KarP93 (big blind) folded before Flop
Seat 2: michasia folded before Flop (didn't bet)
Seat 3: neild72 collected ($28.98)
Seat 4: AlexPinsk1 folded before Flop (didn't bet)
Seat 5: henri789 (button) folded before Flop
Seat 6: AIien Hand (small blind) folded on the Flop



PokerStars Hand #254491092483:  Hold'em No Limit ($0.50/$1.00 USD) - 2025/01/21 22:18:01 WET [2025/01/21 17:18:01 ET]
Table 'Bohmia IV' 6-max Seat #6 is the button
Seat 1: KarP93 ($153.34 in chips) 
Seat 2: michasia ($153.94 in chips) 
Seat 3: neild72 ($76.29 in chips) 
Seat 4: AlexPinsk1 ($165.78 in chips) 
Seat 5: henri789 ($100 in chips) 
Seat 6: AIien Hand ($150.97 in chips) 
KarP93: posts small blind $0.50
michasia: posts big blind $1
*** HOLE CARDS ***
neild72: calls $1
AlexPinsk1: folds 
henri789: folds 
AIien Hand: raises $3 to $4
KarP93: folds 
michasia: folds 
neild72: calls $3
*** FLOP *** [3s 3d Js]
neild72: checks 
AIien Hand: checks 
*** TURN *** [3s 3d Js] [Kd]
neild72: checks 
AIien Hand: checks 
*** RIVER *** [3s 3d Js Kd] [Qc]
neild72: checks 
AIien Hand: checks 
*** SHOW DOWN ***
neild72: shows [8c 7c] (a pair of Threes)
AIien Hand: shows [Ah 7h] (a pair of Threes - Ace kicker)
AIien Hand collected $9.02 from pot
*** SUMMARY ***
Total pot $9.50 | Rake $0.48 
Board [3s 3d Js Kd Qc]
Seat 1: KarP93 (small blind) folded before Flop
Seat 2: michasia (big blind) folded before Flop
Seat 3: neild72 showed [8c 7c] and lost with a pair of Threes
Seat 4: AlexPinsk1 folded before Flop (didn't bet)
Seat 5: henri789 folded before Flop (didn't bet)
Seat 6: AIien Hand (button) showed [Ah 7h] and won ($9.02) with a pair of Threes



PokerStars Hand #254491110745:  Hold'em No Limit ($0.50/$1.00 USD) - 2025/01/21 22:19:04 WET [2025/01/21 17:19:04 ET]
Table 'Bohmia IV' 6-max Seat #1 is the button
Seat 1: KarP93 ($152.84 in chips) 
Seat 2: michasia ($152.94 in chips) 
Seat 3: neild72 ($72.29 in chips) 
Seat 4: AlexPinsk1 ($165.78 in chips) 
Seat 5: henri789 ($100 in chips) 
Seat 6: AIien Hand ($155.99 in chips) 
michasia: posts small blind $0.50
neild72: posts big blind $1
*** HOLE CARDS ***
AlexPinsk1: folds 
henri789: raises $1.50 to $2.50
AIien Hand: folds 
KarP93: folds 
michasia: raises $9.50 to $12
neild72: folds 
henri789: folds 
Uncalled bet ($9.50) returned to michasia
michasia collected $6 from pot
michasia: doesn't show hand 
*** SUMMARY ***
Total pot $6 | Rake $0 
Seat 1: KarP93 (button) folded before Flop (didn't bet)
Seat 2: michasia (small blind) collected ($6)
Seat 3: neild72 (big blind) folded before Flop
Seat 4: AlexPinsk1 folded before Flop (didn't bet)
Seat 5: henri789 folded before Flop
Seat 6: AIien Hand folded before Flop (didn't bet)



PokerStars Hand #254491118120:  Hold'em No Limit ($0.50/$1.00 USD) - 2025/01/21 22:19:29 WET [2025/01/21 17:19:29 ET]
Table 'Bohmia IV' 6-max Seat #2 is the button
Seat 1: KarP93 ($152.84 in chips) 
Seat 2: michasia ($156.44 in chips) 
Seat 3: neild72 ($71.29 in chips) 
Seat 4: AlexPinsk1 ($165.78 in chips) 
Seat 5: henri789 ($100 in chips) 
Seat 6: AIien Hand ($155.99 in chips) 
neild72: posts small blind $0.50
AlexPinsk1: posts big blind $1
*** HOLE CARDS ***
henri789: folds 
AIien Hand: raises $1.20 to $2.20
KarP93: raises $5.80 to $8
michasia: folds 
neild72: folds 
AlexPinsk1: folds 
AIien Hand: calls $5.80
*** FLOP *** [3d 4d Kc]
AIien Hand: checks 
KarP93: bets $5.48
AIien Hand: calls $5.48
*** TURN *** [3d 4d Kc] [Jc]
AIien Hand: checks 
KarP93: bets $27.04
AIien Hand: folds 
Uncalled bet ($27.04) returned to KarP93
KarP93 collected $27.04 from pot
KarP93: doesn't show hand 
*** SUMMARY ***
Total pot $28.46 | Rake $1.42 
Board [3d 4d Kc Jc]
Seat 1: KarP93 collected ($27.04)
Seat 2: michasia (button) folded before Flop (didn't bet)
Seat 3: neild72 (small blind) folded before Flop
Seat 4: AlexPinsk1 (big blind) folded before Flop
Seat 5: henri789 folded before Flop (didn't bet)
Seat 6: AIien Hand folded on the Turn



PokerStars Hand #254491136168:  Hold'em No Limit ($0.50/$1.00 USD) - 2025/01/21 22:20:33 WET [2025/01/21 17:20:33 ET]
Table 'Bohmia IV' 6-max Seat #3 is the button
Seat 1: KarP93 ($166.40 in chips) 
Seat 2: michasia ($156.44 in chips) 
Seat 3: neild72 ($70.79 in chips) 
Seat 4: AlexPinsk1 ($164.78 in chips) 
Seat 5: henri789 ($100 in chips) 
Seat 6: AIien Hand ($142.51 in chips) 
AlexPinsk1: posts small blind $0.50
henri789: posts big blind $1
*** HOLE CARDS ***
AIien Hand: folds 
KarP93: raises $1.50 to $2.50
michasia: folds 
neild72: folds 
AlexPinsk1: folds 
henri789: raises $9.50 to $12
KarP93: folds 
Uncalled bet ($9.50) returned to henri789
henri789 collected $5.50 from pot
henri789: doesn't show hand 
*** SUMMARY ***
Total pot $5.50 | Rake $0 
Seat 1: KarP93 folded before Flop
Seat 2: michasia folded before Flop (didn't bet)
Seat 3: neild72 (button) folded before Flop (didn't bet)
Seat 4: AlexPinsk1 (small blind) folded before Flop
Seat 5: henri789 (big blind) collected ($5.50)
Seat 6: AIien Hand folded before Flop (didn't bet)



PokerStars Hand #254491146579:  Hold'em No Limit ($0.50/$1.00 USD) - 2025/01/21 22:21:09 WET [2025/01/21 17:21:09 ET]
Table 'Bohmia IV' 6-max Seat #4 is the button
Seat 1: KarP93 ($163.90 in chips) 
Seat 2: michasia ($156.44 in chips) 
Seat 3: neild72 ($70.79 in chips) 
Seat 4: AlexPinsk1 ($164.28 in chips) 
Seat 5: henri789 ($103 in chips) 
Seat 6: AIien Hand ($142.51 in chips) 
henri789: posts small blind $0.50
AIien Hand: posts big blind $1
*** HOLE CARDS ***
KarP93: folds 
michasia: folds 
neild72: folds 
AlexPinsk1: folds 
henri789: folds 
Uncalled bet ($0.50) returned to AIien Hand
AIien Hand collected $1 from pot
AIien Hand: doesn't show hand 
*** SUMMARY ***
Total pot $1 | Rake $0 
Seat 1: KarP93 folded before Flop (didn't bet)
Seat 2: michasia folded before Flop (didn't bet)
Seat 3: neild72 folded before Flop (didn't bet)
Seat 4: AlexPinsk1 (button) folded before Flop (didn't bet)
Seat 5: henri789 (small blind) folded before Flop
Seat 6: AIien Hand (big blind) collected ($1)



PokerStars Hand #254491150350:  Hold'em No Limit ($0.50/$1.00 USD) - 2025/01/21 22:21:22 WET [2025/01/21 17:21:22 ET]
Table 'Bohmia IV' 6-max Seat #5 is the button
Seat 1: KarP93 ($163.90 in chips) is sitting out
Seat 2: michasia ($156.44 in chips) 
Seat 3: neild72 ($70.79 in chips) 
Seat 4: AlexPinsk1 ($164.28 in chips) 
Seat 5: henri789 ($102.50 in chips) 
Seat 6: AIien Hand ($143.01 in chips) 
AIien Hand: posts small blind $0.50
KarP93: is sitting out 
michasia: posts big blind $1
*** HOLE CARDS ***
neild72: folds 
AlexPinsk1: raises $1.50 to $2.50
henri789: raises $5 to $7.50
AIien Hand: folds 
KarP93 leaves the table
michasia: folds 
Iseedora joins the table at seat #1 
AlexPinsk1: folds 
Uncalled bet ($5) returned to henri789
henri789 collected $6.50 from pot
henri789: doesn't show hand 
*** SUMMARY ***
Total pot $6.50 | Rake $0 
Seat 1: KarP93
Seat 2: michasia (big blind) folded before Flop
Seat 3: neild72 folded before Flop (didn't bet)
Seat 4: AlexPinsk1 folded before Flop
Seat 5: henri789 (button) collected ($6.50)
Seat 6: AIien Hand (small blind) folded before Flop



PokerStars Hand #254491157959:  Hold'em No Limit ($0.50/$1.00 USD) - 2025/01/21 22:21:49 WET [2025/01/21 17:21:49 ET]
Table 'Bohmia IV' 6-max Seat #6 is the button
Seat 1: Iseedora ($100 in chips) is sitting out
Seat 2: michasia ($155.44 in chips) 
Seat 3: neild72 ($70.79 in chips) 
Seat 4: AlexPinsk1 ($161.78 in chips) 
Seat 5: henri789 ($106.50 in chips) 
Seat 6: AIien Hand ($142.51 in chips) 
michasia: posts small blind $0.50
neild72: posts big blind $1
*** HOLE CARDS ***
AlexPinsk1: folds 
henri789: folds 
AIien Hand: raises $1.50 to $2.50
michasia: folds 
neild72: raises $5.50 to $8
AIien Hand: folds 
Uncalled bet ($5.50) returned to neild72
neild72 collected $5.50 from pot
*** SUMMARY ***
Total pot $5.50 | Rake $0 
Seat 1: Iseedora
Seat 2: michasia (small blind) folded before Flop
Seat 3: neild72 (big blind) collected ($5.50)
Seat 4: AlexPinsk1 folded before Flop (didn't bet)
Seat 5: henri789 folded before Flop (didn't bet)
Seat 6: AIien Hand (button) folded before Flop



PokerStars Hand #254491162737:  Hold'em No Limit ($0.50/$1.00 USD) - 2025/01/21 22:22:05 WET [2025/01/21 17:22:05 ET]
Table 'Bohmia IV' 6-max Seat #2 is the button
Seat 1: Iseedora ($100 in chips) is sitting out
Seat 2: michasia ($154.94 in chips) 
Seat 3: neild72 ($73.79 in chips) 
Seat 4: AlexPinsk1 ($161.78 in chips) 
Seat 5: henri789 ($106.50 in chips) 
Seat 6: AIien Hand ($140.01 in chips) 
neild72: posts small blind $0.50
AlexPinsk1: posts big blind $1
Iseedora: sits out 
*** HOLE CARDS ***
henri789: raises $1.50 to $2.50
AIien Hand: folds 
michasia: folds 
neild72: calls $2
AlexPinsk1: folds 
*** FLOP *** [Kh 4d Tc]
neild72: checks 
henri789: bets $2.79
neild72: calls $2.79
*** TURN *** [Kh 4d Tc] [3h]
neild72: checks 
henri789: bets $11
neild72: folds 
Uncalled bet ($11) returned to henri789
henri789 collected $11 from pot
henri789: doesn't show hand 
*** SUMMARY ***
Total pot $11.58 | Rake $0.58 
Board [Kh 4d Tc 3h]
Seat 1: Iseedora
Seat 2: michasia (button) folded before Flop (didn't bet)
Seat 3: neild72 (small blind) folded on the Turn
Seat 4: AlexPinsk1 (big blind) folded before Flop
Seat 5: henri789 collected ($11)
Seat 6: AIien Hand folded before Flop (didn't bet)



PokerStars Hand #254491175130:  Hold'em No Limit ($0.50/$1.00 USD) - 2025/01/21 22:22:48 WET [2025/01/21 17:22:48 ET]
Table 'Bohmia IV' 6-max Seat #3 is the button
Seat 1: Iseedora ($100 in chips) is sitting out
Seat 2: michasia ($154.94 in chips) 
Seat 3: neild72 ($68.50 in chips) 
Seat 4: AlexPinsk1 ($160.78 in chips) 
Seat 5: henri789 ($112.21 in chips) 
Seat 6: AIien Hand ($140.01 in chips) 
AlexPinsk1: posts small blind $0.50
henri789: posts big blind $1
Iseedora: sits out 
*** HOLE CARDS ***
AIien Hand: folds 
michasia: folds 
neild72: raises $2 to $3
AlexPinsk1: folds 
henri789: calls $2
*** FLOP *** [2h Qd Qh]
henri789: checks 
neild72: checks 
*** TURN *** [2h Qd Qh] [4s]
henri789: checks 
neild72: checks 
*** RIVER *** [2h Qd Qh 4s] [9s]
henri789: checks 
neild72: bets $4.09
henri789: calls $4.09
*** SHOW DOWN ***
neild72: shows [7d 5d] (a pair of Queens)
henri789: shows [Jh Ad] (a pair of Queens - Ace kicker)
henri789 collected $13.95 from pot
*** SUMMARY ***
Total pot $14.68 | Rake $0.73 
Board [2h Qd Qh 4s 9s]
Seat 1: Iseedora
Seat 2: michasia folded before Flop (didn't bet)
Seat 3: neild72 (button) showed [7d 5d] and lost with a pair of Queens
Seat 4: AlexPinsk1 (small blind) folded before Flop
Seat 5: henri789 (big blind) showed [Jh Ad] and won ($13.95) with a pair of Queens
Seat 6: AIien Hand folded before Flop (didn't bet)



PokerStars Hand #254491190545:  Hold'em No Limit ($0.50/$1.00 USD) - 2025/01/21 22:23:42 WET [2025/01/21 17:23:42 ET]
Table 'Bohmia IV' 6-max Seat #4 is the button
Seat 1: Iseedora ($100 in chips) is sitting out
Seat 2: michasia ($154.94 in chips) 
Seat 3: neild72 ($61.41 in chips) 
Seat 4: AlexPinsk1 ($160.28 in chips) 
Seat 5: henri789 ($119.07 in chips) 
Seat 6: AIien Hand ($140.01 in chips) 
henri789: posts small blind $0.50
AIien Hand: posts big blind $1
Iseedora: sits out 
*** HOLE CARDS ***
michasia: folds 
neild72: raises $2 to $3
AlexPinsk1: raises $4.50 to $7.50
henri789: folds 
AIien Hand: folds 
neild72: raises $6.50 to $14
AlexPinsk1: calls $6.50
*** FLOP *** [3h 6h 3c]
neild72: bets $14.01
AlexPinsk1: folds 
Uncalled bet ($14.01) returned to neild72
neild72 collected $28.02 from pot
*** SUMMARY ***
Total pot $29.50 | Rake $1.48 
Board [3h 6h 3c]
Seat 1: Iseedora
Seat 2: michasia folded before Flop (didn't bet)
Seat 3: neild72 collected ($28.02)
Seat 4: AlexPinsk1 (button) folded on the Flop
Seat 5: henri789 (small blind) folded before Flop
Seat 6: AIien Hand (big blind) folded before Flop



PokerStars Hand #254491201525:  Hold'em No Limit ($0.50/$1.00 USD) - 2025/01/21 22:24:20 WET [2025/01/21 17:24:20 ET]
Table 'Bohmia IV' 6-max Seat #5 is the button
Seat 1: Iseedora ($100 in chips) 
Seat 2: michasia ($154.94 in chips) 
Seat 3: neild72 ($75.43 in chips) 
Seat 4: AlexPinsk1 ($146.28 in chips) 
Seat 5: henri789 ($118.57 in chips) 
Seat 6: AIien Hand ($139.01 in chips) 
AIien Hand: posts small blind $0.50
Iseedora: posts big blind $1
*** HOLE CARDS ***
michasia: raises $1.60 to $2.60
neild72: calls $2.60
AlexPinsk1: folds 
henri789: folds 
AIien Hand: folds 
Iseedora: folds 
*** FLOP *** [Qh 2d 6d]
michasia: checks 
neild72: bets $3
michasia: calls $3
*** TURN *** [Qh 2d 6d] [2s]
michasia: checks 
neild72: bets $8.03
michasia: calls $8.03
*** RIVER *** [Qh 2d 6d 2s] [8d]
michasia: checks 
neild72: checks 
*** SHOW DOWN ***
michasia: shows [4s 4h] (two pair, Fours and Deuces)
neild72: shows [Qd Ks] (two pair, Queens and Deuces)
neild72 collected $27.32 from pot
*** SUMMARY ***
Total pot $28.76 | Rake $1.44 
Board [Qh 2d 6d 2s 8d]
Seat 1: Iseedora (big blind) folded before Flop
Seat 2: michasia showed [4s 4h] and lost with two pair, Fours and Deuces
Seat 3: neild72 showed [Qd Ks] and won ($27.32) with two pair, Queens and Deuces
Seat 4: AlexPinsk1 folded before Flop (didn't bet)
Seat 5: henri789 (button) folded before Flop (didn't bet)
Seat 6: AIien Hand (small blind) folded before Flop



PokerStars Hand #254491212078:  Hold'em No Limit ($0.50/$1.00 USD) - 2025/01/21 22:24:57 WET [2025/01/21 17:24:57 ET]
Table 'Bohmia IV' 6-max Seat #6 is the button
Seat 1: Iseedora ($100 in chips) 
Seat 2: michasia ($141.31 in chips) 
Seat 3: neild72 ($89.12 in chips) 
Seat 4: AlexPinsk1 ($146.28 in chips) 
Seat 5: henri789 ($118.57 in chips) 
Seat 6: AIien Hand ($138.51 in chips) 
Iseedora: posts small blind $0.50
michasia: posts big blind $1
*** HOLE CARDS ***
neild72: folds 
AlexPinsk1: folds 
henri789: folds 
AIien Hand: raises $1.50 to $2.50
Iseedora: folds 
michasia: raises $9.50 to $12
AIien Hand: raises $16 to $28
michasia: folds 
Uncalled bet ($16) returned to AIien Hand
AIien Hand collected $24.50 from pot
AIien Hand: doesn't show hand 
*** SUMMARY ***
Total pot $24.50 | Rake $0 
Seat 1: Iseedora (small blind) folded before Flop
Seat 2: michasia (big blind) folded before Flop
Seat 3: neild72 folded before Flop (didn't bet)
Seat 4: AlexPinsk1 folded before Flop (didn't bet)
Seat 5: henri789 folded before Flop (didn't bet)
Seat 6: AIien Hand (button) collected ($24.50)



PokerStars Hand #254491225090:  Hold'em No Limit ($0.50/$1.00 USD) - 2025/01/21 22:25:42 WET [2025/01/21 17:25:42 ET]
Table 'Bohmia IV' 6-max Seat #1 is the button
Seat 1: Iseedora ($100 in chips) 
Seat 2: michasia ($129.31 in chips) 
Seat 3: neild72 ($89.12 in chips) 
Seat 4: AlexPinsk1 ($146.28 in chips) 
Seat 5: henri789 ($118.57 in chips) 
Seat 6: AIien Hand ($151.01 in chips) 
michasia: posts small blind $0.50
neild72: posts big blind $1
*** HOLE CARDS ***
AlexPinsk1: raises $1.50 to $2.50
henri789: folds 
AIien Hand: folds 
Iseedora: folds 
michasia: folds 
neild72: calls $1.50
*** FLOP *** [8c Kd Jc]
neild72: checks 
AlexPinsk1: bets $3.92
neild72: calls $3.92
*** TURN *** [8c Kd Jc] [4c]
neild72: checks 
AlexPinsk1: bets $9.50
neild72: folds 
Uncalled bet ($9.50) returned to AlexPinsk1
AlexPinsk1 collected $12.67 from pot
AlexPinsk1: doesn't show hand 
*** SUMMARY ***
Total pot $13.34 | Rake $0.67 
Board [8c Kd Jc 4c]
Seat 1: Iseedora (button) folded before Flop (didn't bet)
Seat 2: michasia (small blind) folded before Flop
Seat 3: neild72 (big blind) folded on the Turn
Seat 4: AlexPinsk1 collected ($12.67)
Seat 5: henri789 folded before Flop (didn't bet)
Seat 6: AIien Hand folded before Flop (didn't bet)



PokerStars Hand #254491239186:  Hold'em No Limit ($0.50/$1.00 USD) - 2025/01/21 22:26:31 WET [2025/01/21 17:26:31 ET]
Table 'Bohmia IV' 6-max Seat #2 is the button
Seat 1: Iseedora ($100 in chips) 
Seat 2: michasia ($128.81 in chips) 
Seat 3: neild72 ($82.70 in chips) 
Seat 4: AlexPinsk1 ($152.53 in chips) 
Seat 5: henri789 ($118.57 in chips) 
Seat 6: AIien Hand ($151.01 in chips) 
neild72: posts small blind $0.50
AlexPinsk1: posts big blind $1
*** HOLE CARDS ***
henri789: folds 
AIien Hand: folds 
Iseedora: raises $1.50 to $2.50
michasia: folds 
neild72: calls $2
AlexPinsk1: folds 
*** FLOP *** [Qh 6h 9s]
neild72: checks 
Iseedora: checks 
*** TURN *** [Qh 6h 9s] [Td]
neild72: checks 
Iseedora: checks 
*** RIVER *** [Qh 6h 9s Td] [Js]
neild72: checks 
Iseedora: bets $7.52
neild72: folds 
Uncalled bet ($7.52) returned to Iseedora
Iseedora collected $5.70 from pot
Iseedora: doesn't show hand 
*** SUMMARY ***
Total pot $6 | Rake $0.30 
Board [Qh 6h 9s Td Js]
Seat 1: Iseedora collected ($5.70)
Seat 2: michasia (button) folded before Flop (didn't bet)
Seat 3: neild72 (small blind) folded on the River
Seat 4: AlexPinsk1 (big blind) folded before Flop
Seat 5: henri789 folded before Flop (didn't bet)
Seat 6: AIien Hand folded before Flop (didn't bet)



PokerStars Hand #254491255302:  Hold'em No Limit ($0.50/$1.00 USD) - 2025/01/21 22:27:28 WET [2025/01/21 17:27:28 ET]
Table 'Bohmia IV' 6-max Seat #3 is the button
Seat 1: Iseedora ($103.20 in chips) 
Seat 2: michasia ($128.81 in chips) 
Seat 3: neild72 ($80.20 in chips) 
Seat 4: AlexPinsk1 ($151.53 in chips) 
Seat 5: henri789 ($118.57 in chips) 
Seat 6: AIien Hand ($151.01 in chips) 
AlexPinsk1: posts small blind $0.50
henri789: posts big blind $1
*** HOLE CARDS ***
AIien Hand: folds 
Iseedora: folds 
michasia: folds 
neild72: folds 
AlexPinsk1: folds 
Uncalled bet ($0.50) returned to henri789
henri789 collected $1 from pot
henri789: doesn't show hand 
*** SUMMARY ***
Total pot $1 | Rake $0 
Seat 1: Iseedora folded before Flop (didn't bet)
Seat 2: michasia folded before Flop (didn't bet)
Seat 3: neild72 (button) folded before Flop (didn't bet)
Seat 4: AlexPinsk1 (small blind) folded before Flop
Seat 5: henri789 (big blind) collected ($1)
Seat 6: AIien Hand folded before Flop (didn't bet)



PokerStars Hand #254491259039:  Hold'em No Limit ($0.50/$1.00 USD) - 2025/01/21 22:27:40 WET [2025/01/21 17:27:40 ET]
Table 'Bohmia IV' 6-max Seat #4 is the button
Seat 1: Iseedora ($103.20 in chips) 
Seat 2: michasia ($128.81 in chips) 
Seat 3: neild72 ($80.20 in chips) 
Seat 4: AlexPinsk1 ($151.03 in chips) 
Seat 5: henri789 ($119.07 in chips) 
Seat 6: AIien Hand ($151.01 in chips) 
henri789: posts small blind $0.50
AIien Hand: posts big blind $1
*** HOLE CARDS ***
Iseedora: folds 
michasia: folds 
neild72: folds 
AlexPinsk1: folds 
henri789: folds 
Uncalled bet ($0.50) returned to AIien Hand
AIien Hand collected $1 from pot
AIien Hand: doesn't show hand 
*** SUMMARY ***
Total pot $1 | Rake $0 
Seat 1: Iseedora folded before Flop (didn't bet)
Seat 2: michasia folded before Flop (didn't bet)
Seat 3: neild72 folded before Flop (didn't bet)
Seat 4: AlexPinsk1 (button) folded before Flop (didn't bet)
Seat 5: henri789 (small blind) folded before Flop
Seat 6: AIien Hand (big blind) collected ($1)



PokerStars Hand #254491262890:  Hold'em No Limit ($0.50/$1.00 USD) - 2025/01/21 22:27:54 WET [2025/01/21 17:27:54 ET]
Table 'Bohmia IV' 6-max Seat #5 is the button
Seat 1: Iseedora ($103.20 in chips) 
Seat 2: michasia ($128.81 in chips) 
Seat 3: neild72 ($80.20 in chips) 
Seat 4: AlexPinsk1 ($151.03 in chips) 
Seat 5: henri789 ($118.57 in chips) 
Seat 6: AIien Hand ($151.51 in chips) 
AIien Hand: posts small blind $0.50
Iseedora: posts big blind $1
*** HOLE CARDS ***
michasia: folds 
neild72: raises $1 to $2
AlexPinsk1: calls $2
henri789: folds 
AIien Hand: folds 
Iseedora: folds 
*** FLOP *** [Ts Jh 2s]
neild72: checks 
AlexPinsk1: checks 
*** TURN *** [Ts Jh 2s] [6h]
neild72: checks 
AlexPinsk1: checks 
*** RIVER *** [Ts Jh 2s 6h] [Th]
neild72: checks 
AlexPinsk1: bets $2
neild72: calls $2
*** SHOW DOWN ***
AlexPinsk1: shows [8d 7d] (a pair of Tens)
neild72: shows [As 9h] (a pair of Tens - Ace kicker)
neild72 collected $9.02 from pot
*** SUMMARY ***
Total pot $9.50 | Rake $0.48 
Board [Ts Jh 2s 6h Th]
Seat 1: Iseedora (big blind) folded before Flop
Seat 2: michasia folded before Flop (didn't bet)
Seat 3: neild72 showed [As 9h] and won ($9.02) with a pair of Tens
Seat 4: AlexPinsk1 showed [8d 7d] and lost with a pair of Tens
Seat 5: henri789 (button) folded before Flop (didn't bet)
Seat 6: AIien Hand (small blind) folded before Flop



PokerStars Hand #254491285229:  Hold'em No Limit ($0.50/$1.00 USD) - 2025/01/21 22:29:13 WET [2025/01/21 17:29:13 ET]
Table 'Bohmia IV' 6-max Seat #6 is the button
Seat 1: Iseedora ($102.20 in chips) 
Seat 2: michasia ($128.81 in chips) 
Seat 3: neild72 ($85.22 in chips) 
Seat 4: AlexPinsk1 ($147.03 in chips) 
Seat 5: henri789 ($118.57 in chips) 
Seat 6: AIien Hand ($151.01 in chips) 
Iseedora: posts small blind $0.50
michasia: posts big blind $1
*** HOLE CARDS ***
neild72: calls $1
AlexPinsk1: raises $2.50 to $3.50
henri789: folds 
AIien Hand: calls $3.50
Iseedora: folds 
michasia: folds 
neild72: calls $2.50
*** FLOP *** [Qc 4s 4d]
neild72: checks 
AlexPinsk1: checks 
AIien Hand: checks 
*** TURN *** [Qc 4s 4d] [3h]
neild72: bets $5.70
AlexPinsk1: folds 
AIien Hand: calls $5.70
*** RIVER *** [Qc 4s 4d 3h] [4c]
neild72: checks 
AIien Hand: checks 
*** SHOW DOWN ***
neild72: shows [5d Ad] (three of a kind, Fours)
AIien Hand: shows [As Kc] (three of a kind, Fours - Ace+King kicker)
AIien Hand collected $22.23 from pot
*** SUMMARY ***
Total pot $23.40 | Rake $1.17 
Board [Qc 4s 4d 3h 4c]
Seat 1: Iseedora (small blind) folded before Flop
Seat 2: michasia (big blind) folded before Flop
Seat 3: neild72 showed [5d Ad] and lost with three of a kind, Fours
Seat 4: AlexPinsk1 folded on the Turn
Seat 5: henri789 folded before Flop (didn't bet)
Seat 6: AIien Hand (button) showed [As Kc] and won ($22.23) with three of a kind, Fours



PokerStars Hand #254491303814:  Hold'em No Limit ($0.50/$1.00 USD) - 2025/01/21 22:30:18 WET [2025/01/21 17:30:18 ET]
Table 'Bohmia IV' 6-max Seat #1 is the button
Seat 1: Iseedora ($101.70 in chips) 
Seat 2: michasia ($127.81 in chips) 
Seat 3: neild72 ($76.02 in chips) 
Seat 4: AlexPinsk1 ($143.53 in chips) 
Seat 5: henri789 ($118.57 in chips) 
Seat 6: AIien Hand ($164.04 in chips) 
michasia: posts small blind $0.50
neild72: posts big blind $1
*** HOLE CARDS ***
AlexPinsk1: folds 
henri789: raises $1.50 to $2.50
AIien Hand: folds 
Iseedora: calls $2.50
michasia: raises $12.50 to $15
neild72: folds 
henri789: folds 
Iseedora: folds 
Uncalled bet ($12.50) returned to michasia
michasia collected $8.50 from pot
michasia: doesn't show hand 
*** SUMMARY ***
Total pot $8.50 | Rake $0 
Seat 1: Iseedora (button) folded before Flop
Seat 2: michasia (small blind) collected ($8.50)
Seat 3: neild72 (big blind) folded before Flop
Seat 4: AlexPinsk1 folded before Flop (didn't bet)
Seat 5: henri789 folded before Flop
Seat 6: AIien Hand folded before Flop (didn't bet)



PokerStars Hand #254491318283:  Hold'em No Limit ($0.50/$1.00 USD) - 2025/01/21 22:31:10 WET [2025/01/21 17:31:10 ET]
Table 'Bohmia IV' 6-max Seat #2 is the button
Seat 1: Iseedora ($100 in chips) 
Seat 2: michasia ($133.81 in chips) 
Seat 3: neild72 ($75.02 in chips) 
Seat 4: AlexPinsk1 ($143.53 in chips) 
Seat 5: henri789 ($116.07 in chips) 
Seat 6: AIien Hand ($164.04 in chips) 
neild72: posts small blind $0.50
AlexPinsk1: posts big blind $1
*** HOLE CARDS ***
henri789: folds 
AIien Hand: folds 
Iseedora: raises $1.20 to $2.20
michasia: folds 
neild72: folds 
AlexPinsk1: raises $10.30 to $12.50
Iseedora: folds 
Uncalled bet ($10.30) returned to AlexPinsk1
AlexPinsk1 collected $4.90 from pot
AlexPinsk1: doesn't show hand 
*** SUMMARY ***
Total pot $4.90 | Rake $0 
Seat 1: Iseedora folded before Flop
Seat 2: michasia (button) folded before Flop (didn't bet)
Seat 3: neild72 (small blind) folded before Flop
Seat 4: AlexPinsk1 (big blind) collected ($4.90)
Seat 5: henri789 folded before Flop (didn't bet)
Seat 6: AIien Hand folded before Flop (didn't bet)



PokerStars Hand #254491327294:  Hold'em No Limit ($0.50/$1.00 USD) - 2025/01/21 22:31:41 WET [2025/01/21 17:31:41 ET]
Table 'Bohmia IV' 6-max Seat #3 is the button
Seat 1: Iseedora ($100 in chips) 
Seat 2: michasia ($133.81 in chips) 
Seat 3: neild72 ($74.52 in chips) 
Seat 4: AlexPinsk1 ($146.23 in chips) 
Seat 5: henri789 ($116.07 in chips) 
Seat 6: AIien Hand ($164.04 in chips) 
AlexPinsk1: posts small blind $0.50
henri789: posts big blind $1
*** HOLE CARDS ***
AIien Hand: folds 
Iseedora: folds 
michasia: folds 
neild72: raises $2 to $3
AlexPinsk1: folds 
henri789: folds 
Uncalled bet ($2) returned to neild72
neild72 collected $2.50 from pot
*** SUMMARY ***
Total pot $2.50 | Rake $0 
Seat 1: Iseedora folded before Flop (didn't bet)
Seat 2: michasia folded before Flop (didn't bet)
Seat 3: neild72 (button) collected ($2.50)
Seat 4: AlexPinsk1 (small blind) folded before Flop
Seat 5: henri789 (big blind) folded before Flop
Seat 6: AIien Hand folded before Flop (didn't bet)



PokerStars Hand #254491330805:  Hold'em No Limit ($0.50/$1.00 USD) - 2025/01/21 22:31:54 WET [2025/01/21 17:31:54 ET]
Table 'Bohmia IV' 6-max Seat #4 is the button
Seat 1: Iseedora ($100 in chips) 
Seat 2: michasia ($133.81 in chips) 
Seat 3: neild72 ($76.02 in chips) 
Seat 4: AlexPinsk1 ($145.73 in chips) 
Seat 5: henri789 ($115.07 in chips) 
Seat 6: AIien Hand ($164.04 in chips) 
henri789: posts small blind $0.50
AIien Hand: posts big blind $1
*** HOLE CARDS ***
Iseedora: folds 
michasia: raises $1.60 to $2.60
neild72: folds 
AlexPinsk1: raises $6.40 to $9
henri789: folds 
AIien Hand: folds 
michasia: raises $15 to $24
AlexPinsk1: raises $121.73 to $145.73 and is all-in
michasia: calls $109.81 and is all-in
Uncalled bet ($11.92) returned to AlexPinsk1
*** FIRST FLOP *** [4c 3c Ad]
*** FIRST TURN *** [4c 3c Ad] [Td]
*** FIRST RIVER *** [4c 3c Ad Td] [6s]
*** SECOND FLOP *** [Js 4d 5c]
*** SECOND TURN *** [Js 4d 5c] [9h]
*** SECOND RIVER *** [Js 4d 5c 9h] [Qs]
*** FIRST SHOW DOWN ***
michasia: shows [Ks Kc] (a pair of Kings)
AlexPinsk1: shows [Qd Qc] (a pair of Queens)
michasia collected $133.31 from pot
*** SECOND SHOW DOWN ***
michasia: shows [Ks Kc] (a pair of Kings)
AlexPinsk1: shows [Qd Qc] (three of a kind, Queens)
AlexPinsk1 collected $133.31 from pot
*** SUMMARY ***
Total pot $269.12 | Rake $2.50 
Hand was run twice
FIRST Board [4c 3c Ad Td 6s]
SECOND Board [Js 4d 5c 9h Qs]
Seat 1: Iseedora folded before Flop (didn't bet)
Seat 2: michasia showed [Ks Kc] and won ($133.31) with a pair of Kings, and lost with a pair of Kings
Seat 3: neild72 folded before Flop (didn't bet)
Seat 4: AlexPinsk1 (button) showed [Qd Qc] and lost with a pair of Queens, and won ($133.31) with three of a kind, Queens
Seat 5: henri789 (small blind) folded before Flop
Seat 6: AIien Hand (big blind) folded before Flop



PokerStars Hand #254491349797:  Hold'em No Limit ($0.50/$1.00 USD) - 2025/01/21 22:33:01 WET [2025/01/21 17:33:01 ET]
Table 'Bohmia IV' 6-max Seat #5 is the button
Seat 1: Iseedora ($100 in chips) 
Seat 2: michasia ($133.31 in chips) 
Seat 3: neild72 ($76.02 in chips) 
Seat 4: AlexPinsk1 ($145.23 in chips) 
Seat 5: henri789 ($114.57 in chips) 
Seat 6: AIien Hand ($163.04 in chips) 
AIien Hand: posts small blind $0.50
Iseedora: posts big blind $1
*** HOLE CARDS ***
michasia: folds 
neild72: raises $2 to $3
AlexPinsk1: folds 
henri789: folds 
AIien Hand: folds 
Iseedora: folds 
Uncalled bet ($2) returned to neild72
neild72 collected $2.50 from pot
*** SUMMARY ***
Total pot $2.50 | Rake $0 
Seat 1: Iseedora (big blind) folded before Flop
Seat 2: michasia folded before Flop (didn't bet)
Seat 3: neild72 collected ($2.50)
Seat 4: AlexPinsk1 folded before Flop (didn't bet)
Seat 5: henri789 (button) folded before Flop (didn't bet)
Seat 6: AIien Hand (small blind) folded before Flop



PokerStars Hand #254491355864:  Hold'em No Limit ($0.50/$1.00 USD) - 2025/01/21 22:33:23 WET [2025/01/21 17:33:23 ET]
Table 'Bohmia IV' 6-max Seat #6 is the button
Seat 1: Iseedora ($100 in chips) 
Seat 2: michasia ($133.31 in chips) 
Seat 3: neild72 ($77.52 in chips) 
Seat 4: AlexPinsk1 ($145.23 in chips) 
Seat 5: henri789 ($114.57 in chips) 
Seat 6: AIien Hand ($162.54 in chips) 
Iseedora: posts small blind $0.50
michasia: posts big blind $1
*** HOLE CARDS ***
neild72: folds 
AlexPinsk1: folds 
henri789: folds 
AIien Hand: folds 
Iseedora: folds 
Uncalled bet ($0.50) returned to michasia
michasia collected $1 from pot
michasia: doesn't show hand 
*** SUMMARY ***
Total pot $1 | Rake $0 
Seat 1: Iseedora (small blind) folded before Flop
Seat 2: michasia (big blind) collected ($1)
Seat 3: neild72 folded before Flop (didn't bet)
Seat 4: AlexPinsk1 folded before Flop (didn't bet)
Seat 5: henri789 folded before Flop (didn't bet)
Seat 6: AIien Hand (button) folded before Flop (didn't bet)



PokerStars Hand #254491361871:  Hold'em No Limit ($0.50/$1.00 USD) - 2025/01/21 22:33:44 WET [2025/01/21 17:33:44 ET]
Table 'Bohmia IV' 6-max Seat #1 is the button
Seat 1: Iseedora ($100 in chips) 
Seat 2: michasia ($133.81 in chips) 
Seat 3: neild72 ($77.52 in chips) 
Seat 4: AlexPinsk1 ($145.23 in chips) 
Seat 5: henri789 ($114.57 in chips) 
Seat 6: AIien Hand ($162.54 in chips) 
michasia: posts small blind $0.50
neild72: posts big blind $1
*** HOLE CARDS ***
AlexPinsk1: folds 
henri789: folds 
AIien Hand: folds 
Iseedora: folds 
michasia: raises $2 to $3
neild72: calls $2
*** FLOP *** [Ah 4d 6h]
michasia: checks 
neild72: checks 
*** TURN *** [Ah 4d 6h] [6s]
michasia: checks 
neild72: checks 
*** RIVER *** [Ah 4d 6h 6s] [Qc]
michasia: checks 
neild72: bets $4
michasia: folds 
Uncalled bet ($4) returned to neild72
neild72 collected $5.70 from pot
*** SUMMARY ***
Total pot $6 | Rake $0.30 
Board [Ah 4d 6h 6s Qc]
Seat 1: Iseedora (button) folded before Flop (didn't bet)
Seat 2: michasia (small blind) folded on the River
Seat 3: neild72 (big blind) collected ($5.70)
Seat 4: AlexPinsk1 folded before Flop (didn't bet)
Seat 5: henri789 folded before Flop (didn't bet)
Seat 6: AIien Hand folded before Flop (didn't bet)



PokerStars Hand #254491371445:  Hold'em No Limit ($0.50/$1.00 USD) - 2025/01/21 22:34:18 WET [2025/01/21 17:34:18 ET]
Table 'Bohmia IV' 6-max Seat #2 is the button
Seat 1: Iseedora ($100 in chips) 
Seat 2: michasia ($130.81 in chips) 
Seat 3: neild72 ($80.22 in chips) 
Seat 4: AlexPinsk1 ($145.23 in chips) 
Seat 5: henri789 ($114.57 in chips) 
Seat 6: AIien Hand ($162.54 in chips) 
neild72: posts small blind $0.50
AlexPinsk1: posts big blind $1
*** HOLE CARDS ***
henri789: folds 
AIien Hand: folds 
Iseedora: folds 
michasia: folds 
neild72: raises $2 to $3
AlexPinsk1: raises $6 to $9
neild72: calls $6
*** FLOP *** [Kd 7h Qd]
neild72: checks 
AlexPinsk1: bets $8.55
neild72: calls $8.55
*** TURN *** [Kd 7h Qd] [Qh]
neild72: checks 
AlexPinsk1: checks 
*** RIVER *** [Kd 7h Qd Qh] [Jc]
neild72: checks 
AlexPinsk1: bets $127.68 and is all-in
neild72: folds 
Uncalled bet ($127.68) returned to AlexPinsk1
AlexPinsk1 collected $33.34 from pot
AlexPinsk1: doesn't show hand 
*** SUMMARY ***
Total pot $35.10 | Rake $1.76 
Board [Kd 7h Qd Qh Jc]
Seat 1: Iseedora folded before Flop (didn't bet)
Seat 2: michasia (button) folded before Flop (didn't bet)
Seat 3: neild72 (small blind) folded on the River
Seat 4: AlexPinsk1 (big blind) collected ($33.34)
Seat 5: henri789 folded before Flop (didn't bet)
Seat 6: AIien Hand folded before Flop (didn't bet)



PokerStars Hand #254491402027:  Hold'em No Limit ($0.50/$1.00 USD) - 2025/01/21 22:36:06 WET [2025/01/21 17:36:06 ET]
Table 'Bohmia IV' 6-max Seat #3 is the button
Seat 1: Iseedora ($100 in chips) 
Seat 2: michasia ($130.81 in chips) 
Seat 3: neild72 ($62.67 in chips) 
Seat 4: AlexPinsk1 ($161.02 in chips) 
Seat 5: henri789 ($114.57 in chips) 
Seat 6: AIien Hand ($162.54 in chips) 
AlexPinsk1: posts small blind $0.50
henri789: posts big blind $1
*** HOLE CARDS ***
AIien Hand: folds 
Iseedora: folds 
michasia: folds 
neild72: calls $1
AlexPinsk1: calls $0.50
henri789: checks 
*** FLOP *** [4h Js 2h]
AlexPinsk1: checks 
henri789: checks 
neild72: checks 
*** TURN *** [4h Js 2h] [2s]
AlexPinsk1: bets $1
henri789: folds 
neild72: calls $1
*** RIVER *** [4h Js 2h 2s] [6c]
AlexPinsk1: bets $1.50
neild72: folds 
Uncalled bet ($1.50) returned to AlexPinsk1
AlexPinsk1 collected $4.75 from pot
AlexPinsk1: doesn't show hand 
*** SUMMARY ***
Total pot $5 | Rake $0.25 
Board [4h Js 2h 2s 6c]
Seat 1: Iseedora folded before Flop (didn't bet)
Seat 2: michasia folded before Flop (didn't bet)
Seat 3: neild72 (button) folded on the River
Seat 4: AlexPinsk1 (small blind) collected ($4.75)
Seat 5: henri789 (big blind) folded on the Turn
Seat 6: AIien Hand folded before Flop (didn't bet)



PokerStars Hand #254491412069:  Hold'em No Limit ($0.50/$1.00 USD) - 2025/01/21 22:36:42 WET [2025/01/21 17:36:42 ET]
Table 'Bohmia IV' 6-max Seat #4 is the button
Seat 1: Iseedora ($100 in chips) 
Seat 2: michasia ($130.81 in chips) 
Seat 3: neild72 ($60.67 in chips) 
Seat 4: AlexPinsk1 ($163.77 in chips) 
Seat 5: henri789 ($113.57 in chips) 
Seat 6: AIien Hand ($162.54 in chips) 
henri789: posts small blind $0.50
AIien Hand: posts big blind $1
*** HOLE CARDS ***
Iseedora: folds 
michasia: raises $1.60 to $2.60
neild72: folds 
AlexPinsk1: folds 
henri789: folds 
AIien Hand: calls $1.60
*** FLOP *** [Kh 5c 7h]
AIien Hand: checks 
michasia: bets $1.79
AIien Hand: calls $1.79
*** TURN *** [Kh 5c 7h] [Qh]
AIien Hand: checks 
michasia: bets $5.88
AIien Hand: folds 
Uncalled bet ($5.88) returned to michasia
michasia collected $8.82 from pot
michasia: doesn't show hand 
*** SUMMARY ***
Total pot $9.28 | Rake $0.46 
Board [Kh 5c 7h Qh]
Seat 1: Iseedora folded before Flop (didn't bet)
Seat 2: michasia collected ($8.82)
Seat 3: neild72 folded before Flop (didn't bet)
Seat 4: AlexPinsk1 (button) folded before Flop (didn't bet)
Seat 5: henri789 (small blind) folded before Flop
Seat 6: AIien Hand (big blind) folded on the Turn



PokerStars Hand #254491436171:  Hold'em No Limit ($0.50/$1.00 USD) - 2025/01/21 22:38:08 WET [2025/01/21 17:38:08 ET]
Table 'Bohmia IV' 6-max Seat #5 is the button
Seat 1: Iseedora ($100 in chips) 
Seat 2: michasia ($135.24 in chips) 
Seat 3: neild72 ($60.67 in chips) 
Seat 4: AlexPinsk1 ($163.77 in chips) 
Seat 5: henri789 ($113.07 in chips) 
Seat 6: AIien Hand ($158.15 in chips) 
AIien Hand: posts small blind $0.50
Iseedora: posts big blind $1
*** HOLE CARDS ***
michasia: folds 
neild72: folds 
AlexPinsk1: folds 
henri789: raises $1.50 to $2.50
AIien Hand: raises $8 to $10.50
Iseedora: folds 
henri789: folds 
Uncalled bet ($8) returned to AIien Hand
AIien Hand collected $6 from pot
AIien Hand: doesn't show hand 
*** SUMMARY ***
Total pot $6 | Rake $0 
Seat 1: Iseedora (big blind) folded before Flop
Seat 2: michasia folded before Flop (didn't bet)
Seat 3: neild72 folded before Flop (didn't bet)
Seat 4: AlexPinsk1 folded before Flop (didn't bet)
Seat 5: henri789 (button) folded before Flop
Seat 6: AIien Hand (small blind) collected ($6)



PokerStars Hand #254491444559:  Hold'em No Limit ($0.50/$1.00 USD) - 2025/01/21 22:38:38 WET [2025/01/21 17:38:38 ET]
Table 'Bohmia IV' 6-max Seat #6 is the button
Seat 1: Iseedora ($100 in chips) 
Seat 2: michasia ($135.24 in chips) 
Seat 3: neild72 ($60.67 in chips) 
Seat 4: AlexPinsk1 ($163.77 in chips) 
Seat 5: henri789 ($110.57 in chips) 
Seat 6: AIien Hand ($161.65 in chips) 
Iseedora: posts small blind $0.50
michasia: posts big blind $1
*** HOLE CARDS ***
neild72: raises $2 to $3
AlexPinsk1: folds 
henri789: folds 
AIien Hand: folds 
Iseedora: folds 
michasia: folds 
Uncalled bet ($2) returned to neild72
neild72 collected $2.50 from pot
*** SUMMARY ***
Total pot $2.50 | Rake $0 
Seat 1: Iseedora (small blind) folded before Flop
Seat 2: michasia (big blind) folded before Flop
Seat 3: neild72 collected ($2.50)
Seat 4: AlexPinsk1 folded before Flop (didn't bet)
Seat 5: henri789 folded before Flop (didn't bet)
Seat 6: AIien Hand (button) folded before Flop (didn't bet)



PokerStars Hand #254491449461:  Hold'em No Limit ($0.50/$1.00 USD) - 2025/01/21 22:38:55 WET [2025/01/21 17:38:55 ET]
Table 'Bohmia IV' 6-max Seat #1 is the button
Seat 1: Iseedora ($100 in chips) 
Seat 2: michasia ($134.24 in chips) 
Seat 3: neild72 ($62.17 in chips) 
Seat 4: AlexPinsk1 ($163.77 in chips) 
Seat 5: henri789 ($110.57 in chips) 
Seat 6: AIien Hand ($161.65 in chips) 
michasia: posts small blind $0.50
neild72: posts big blind $1
*** HOLE CARDS ***
AlexPinsk1: raises $1.50 to $2.50
henri789: folds 
AIien Hand: folds 
Iseedora: folds 
michasia: folds 
neild72: folds 
Uncalled bet ($1.50) returned to AlexPinsk1
AlexPinsk1 collected $2.50 from pot
AlexPinsk1: doesn't show hand 
*** SUMMARY ***
Total pot $2.50 | Rake $0 
Seat 1: Iseedora (button) folded before Flop (didn't bet)
Seat 2: michasia (small blind) folded before Flop
Seat 3: neild72 (big blind) folded before Flop
Seat 4: AlexPinsk1 collected ($2.50)
Seat 5: henri789 folded before Flop (didn't bet)
Seat 6: AIien Hand folded before Flop (didn't bet)



PokerStars Hand #254491453958:  Hold'em No Limit ($0.50/$1.00 USD) - 2025/01/21 22:39:12 WET [2025/01/21 17:39:12 ET]
Table 'Bohmia IV' 6-max Seat #2 is the button
Seat 1: Iseedora ($100 in chips) 
Seat 2: michasia ($133.74 in chips) 
Seat 3: neild72 ($61.17 in chips) 
Seat 4: AlexPinsk1 ($165.27 in chips) 
Seat 5: henri789 ($110.57 in chips) 
Seat 6: AIien Hand ($161.65 in chips) 
neild72: posts small blind $0.50
AlexPinsk1: posts big blind $1
*** HOLE CARDS ***
henri789: folds 
AIien Hand: folds 
Iseedora: raises $1.20 to $2.20
michasia: folds 
neild72: folds 
AlexPinsk1: folds 
Uncalled bet ($1.20) returned to Iseedora
Iseedora collected $2.50 from pot
Iseedora: doesn't show hand 
*** SUMMARY ***
Total pot $2.50 | Rake $0 
Seat 1: Iseedora collected ($2.50)
Seat 2: michasia (button) folded before Flop (didn't bet)
Seat 3: neild72 (small blind) folded before Flop
Seat 4: AlexPinsk1 (big blind) folded before Flop
Seat 5: henri789 folded before Flop (didn't bet)
Seat 6: AIien Hand folded before Flop (didn't bet)



PokerStars Hand #254491458019:  Hold'em No Limit ($0.50/$1.00 USD) - 2025/01/21 22:39:26 WET [2025/01/21 17:39:26 ET]
Table 'Bohmia IV' 6-max Seat #3 is the button
Seat 1: Iseedora ($101.50 in chips) 
Seat 2: michasia ($133.74 in chips) 
Seat 3: neild72 ($60.67 in chips) 
Seat 4: AlexPinsk1 ($164.27 in chips) 
Seat 5: henri789 ($110.57 in chips) 
Seat 6: AIien Hand ($161.65 in chips) 
AlexPinsk1: posts small blind $0.50
henri789: posts big blind $1
*** HOLE CARDS ***
AIien Hand: folds 
Iseedora: folds 
michasia: folds 
neild72: calls $1
AlexPinsk1: folds 
henri789: checks 
*** FLOP *** [Ts 2s Jh]
henri789: checks 
neild72: bets $1
henri789: calls $1
*** TURN *** [Ts 2s Jh] [3c]
henri789: checks 
neild72: checks 
*** RIVER *** [Ts 2s Jh 3c] [3s]
henri789: checks 
neild72: checks 
*** SHOW DOWN ***
henri789: shows [2h Qs] (two pair, Threes and Deuces)
neild72: shows [Ah 2d] (two pair, Threes and Deuces - Ace kicker)
neild72 collected $4.28 from pot
*** SUMMARY ***
Total pot $4.50 | Rake $0.22 
Board [Ts 2s Jh 3c 3s]
Seat 1: Iseedora folded before Flop (didn't bet)
Seat 2: michasia folded before Flop (didn't bet)
Seat 3: neild72 (button) showed [Ah 2d] and won ($4.28) with two pair, Threes and Deuces
Seat 4: AlexPinsk1 (small blind) folded before Flop
Seat 5: henri789 (big blind) showed [2h Qs] and lost with two pair, Threes and Deuces
Seat 6: AIien Hand folded before Flop (didn't bet)



PokerStars Hand #254491470492:  Hold'em No Limit ($0.50/$1.00 USD) - 2025/01/21 22:40:12 WET [2025/01/21 17:40:12 ET]
Table 'Bohmia IV' 6-max Seat #4 is the button
Seat 1: Iseedora ($101.50 in chips) 
Seat 2: michasia ($133.74 in chips) 
Seat 3: neild72 ($62.95 in chips) 
Seat 4: AlexPinsk1 ($163.77 in chips) 
Seat 5: henri789 ($108.57 in chips) 
Seat 6: AIien Hand ($161.65 in chips) 
henri789: posts small blind $0.50
AIien Hand: posts big blind $1
*** HOLE CARDS ***
Iseedora: folds 
michasia: folds 
neild72: calls $1
AlexPinsk1: raises $3 to $4
henri789: folds 
AIien Hand: folds 
neild72: calls $3
*** FLOP *** [Ks Ad 2s]
neild72: checks 
AlexPinsk1: bets $4.51
neild72: calls $4.51
*** TURN *** [Ks Ad 2s] [Kc]
neild72: checks 
AlexPinsk1: checks 
*** RIVER *** [Ks Ad 2s Kc] [6d]
neild72: bets $10.80
AlexPinsk1: folds 
Uncalled bet ($10.80) returned to neild72
neild72 collected $17.59 from pot
*** SUMMARY ***
Total pot $18.52 | Rake $0.93 
Board [Ks Ad 2s Kc 6d]
Seat 1: Iseedora folded before Flop (didn't bet)
Seat 2: michasia folded before Flop (didn't bet)
Seat 3: neild72 collected ($17.59)
Seat 4: AlexPinsk1 (button) folded on the River
Seat 5: henri789 (small blind) folded before Flop
Seat 6: AIien Hand (big blind) folded before Flop



PokerStars Hand #254491481244:  Hold'em No Limit ($0.50/$1.00 USD) - 2025/01/21 22:40:51 WET [2025/01/21 17:40:51 ET]
Table 'Bohmia IV' 6-max Seat #5 is the button
Seat 2: michasia ($133.74 in chips) is sitting out
Seat 1: Iseedora ($101.50 in chips) 
Seat 3: neild72 ($72.03 in chips) 
Seat 4: AlexPinsk1 ($155.26 in chips) 
Seat 5: henri789 ($108.07 in chips) 
Seat 6: AIien Hand ($160.65 in chips) 
AIien Hand: posts small blind $0.50
Iseedora: posts big blind $1
*** HOLE CARDS ***
neild72: calls $1
AlexPinsk1: folds 
henri789: folds 
AIien Hand: raises $1 to $2
Iseedora: folds 
neild72: calls $1
*** FLOP *** [8c Ah Tc]
AIien Hand: bets $3.42
neild72: calls $3.42
*** TURN *** [8c Ah Tc] [8h]
AIien Hand: bets $3.71
neild72: calls $3.71
*** RIVER *** [8c Ah Tc 8h] [Ac]
AIien Hand: checks 
neild72: checks 
*** SHOW DOWN ***
AIien Hand: shows [Jd 9h] (two pair, Aces and Eights)
neild72: shows [4c 2c] (a flush, Ace high)
neild72 collected $18.30 from pot
*** SUMMARY ***
Total pot $19.26 | Rake $0.96 
Board [8c Ah Tc 8h Ac]
Seat 2: michasia
Seat 1: Iseedora (big blind) folded before Flop
Seat 3: neild72 showed [4c 2c] and won ($18.30) with a flush, Ace high
Seat 4: AlexPinsk1 folded before Flop (didn't bet)
Seat 5: henri789 (button) folded before Flop (didn't bet)
Seat 6: AIien Hand (small blind) showed [Jd 9h] and lost with two pair, Aces and Eights



PokerStars Hand #254491493658:  Hold'em No Limit ($0.50/$1.00 USD) - 2025/01/21 22:41:36 WET [2025/01/21 17:41:36 ET]
Table 'Bohmia IV' 6-max Seat #6 is the button
Seat 2: michasia ($133.74 in chips) is sitting out
Seat 1: Iseedora ($100.50 in chips) 
Seat 3: neild72 ($81.20 in chips) 
Seat 4: AlexPinsk1 ($155.26 in chips) 
Seat 5: henri789 ($108.07 in chips) 
Seat 6: AIien Hand ($151.52 in chips) 
Iseedora: posts small blind $0.50
neild72: posts big blind $1
*** HOLE CARDS ***
AlexPinsk1: folds 
henri789: raises $1.50 to $2.50
AIien Hand: folds 
Iseedora: folds 
neild72: calls $1.50
*** FLOP *** [Qs 5h 8s]
neild72: checks 
henri789: bets $1.72
neild72: calls $1.72
*** TURN *** [Qs 5h 8s] [7h]
neild72: checks 
henri789: checks 
*** RIVER *** [Qs 5h 8s 7h] [Th]
neild72: bets $8.49
henri789: folds 
Uncalled bet ($8.49) returned to neild72
neild72 collected $8.49 from pot
*** SUMMARY ***
Total pot $8.94 | Rake $0.45 
Board [Qs 5h 8s 7h Th]
Seat 2: michasia
Seat 1: Iseedora (small blind) folded before Flop
Seat 3: neild72 (big blind) collected ($8.49)
Seat 4: AlexPinsk1 folded before Flop (didn't bet)
Seat 5: henri789 folded on the River
Seat 6: AIien Hand (button) folded before Flop (didn't bet)



PokerStars Hand #254491508619:  Hold'em No Limit ($0.50/$1.00 USD) - 2025/01/21 22:42:32 WET [2025/01/21 17:42:32 ET]
Table 'Bohmia IV' 6-max Seat #1 is the button
Seat 2: michasia ($133.74 in chips) is sitting out
Seat 1: Iseedora ($100 in chips) 
Seat 3: neild72 ($85.47 in chips) 
Seat 4: AlexPinsk1 ($155.26 in chips) 
Seat 5: henri789 ($103.85 in chips) 
Seat 6: AIien Hand ($151.52 in chips) 
neild72: posts small blind $0.50
AlexPinsk1: posts big blind $1
*** HOLE CARDS ***
henri789: raises $1.50 to $2.50
AIien Hand: folds 
Iseedora: folds 
neild72: folds 
AlexPinsk1: folds 
Uncalled bet ($1.50) returned to henri789
henri789 collected $2.50 from pot
henri789: doesn't show hand 
*** SUMMARY ***
Total pot $2.50 | Rake $0 
Seat 2: michasia
Seat 1: Iseedora (button) folded before Flop (didn't bet)
Seat 3: neild72 (small blind) folded before Flop
Seat 4: AlexPinsk1 (big blind) folded before Flop
Seat 5: henri789 collected ($2.50)
Seat 6: AIien Hand folded before Flop (didn't bet)



PokerStars Hand #254491512587:  Hold'em No Limit ($0.50/$1.00 USD) - 2025/01/21 22:42:46 WET [2025/01/21 17:42:46 ET]
Table 'Bohmia IV' 6-max Seat #3 is the button
Seat 2: michasia ($133.74 in chips) is sitting out
Seat 1: Iseedora ($100 in chips) 
Seat 3: neild72 ($84.97 in chips) 
Seat 4: AlexPinsk1 ($154.26 in chips) 
Seat 5: henri789 ($105.35 in chips) 
Seat 6: AIien Hand ($151.52 in chips) 
AlexPinsk1: posts small blind $0.50
henri789: posts big blind $1
*** HOLE CARDS ***
AIien Hand: folds 
Iseedora: raises $1.20 to $2.20
neild72: calls $2.20
AlexPinsk1: folds 
henri789: calls $1.20
*** FLOP *** [9h 4s 9d]
henri789: checks 
Iseedora: checks 
neild72: checks 
*** TURN *** [9h 4s 9d] [6h]
henri789: checks 
Iseedora: checks 
neild72: bets $3
henri789: folds 
Iseedora: folds 
Uncalled bet ($3) returned to neild72
neild72 collected $6.74 from pot
*** SUMMARY ***
Total pot $7.10 | Rake $0.36 
Board [9h 4s 9d 6h]
Seat 2: michasia
Seat 1: Iseedora folded on the Turn
Seat 3: neild72 (button) collected ($6.74)
Seat 4: AlexPinsk1 (small blind) folded before Flop
Seat 5: henri789 (big blind) folded on the Turn
Seat 6: AIien Hand folded before Flop (didn't bet)



PokerStars Hand #254491524783:  Hold'em No Limit ($0.50/$1.00 USD) - 2025/01/21 22:43:30 WET [2025/01/21 17:43:30 ET]
Table 'Bohmia IV' 6-max Seat #4 is the button
Seat 2: michasia ($133.74 in chips) is sitting out
Seat 1: Iseedora ($100 in chips) 
Seat 3: neild72 ($89.51 in chips) 
Seat 4: AlexPinsk1 ($153.76 in chips) 
Seat 5: henri789 ($103.15 in chips) 
Seat 6: AIien Hand ($151.52 in chips) 
henri789: posts small blind $0.50
AIien Hand: posts big blind $1
*** HOLE CARDS ***
Iseedora: raises $1.20 to $2.20
neild72: folds 
AlexPinsk1: folds 
henri789: folds 
AIien Hand: raises $9.30 to $11.50
Iseedora: folds 
Uncalled bet ($9.30) returned to AIien Hand
AIien Hand collected $4.90 from pot
AIien Hand: doesn't show hand 
*** SUMMARY ***
Total pot $4.90 | Rake $0 
Seat 2: michasia
Seat 1: Iseedora folded before Flop
Seat 3: neild72 folded before Flop (didn't bet)
Seat 4: AlexPinsk1 (button) folded before Flop (didn't bet)
Seat 5: henri789 (small blind) folded before Flop
Seat 6: AIien Hand (big blind) collected ($4.90)



PokerStars Hand #254491658169:  Hold'em No Limit ($0.50/$1.00 USD) - 2025/01/21 22:51:43 WET [2025/01/21 17:51:43 ET]
Table 'Bohmia IV' 6-max Seat #5 is the button
Seat 1: p0pa4poker ($100 in chips) 
Seat 2: michasia ($136.24 in chips) 
Seat 3: neild72 ($49.16 in chips) 
Seat 4: AlexPinsk1 ($184.26 in chips) 
Seat 5: henri789 ($104.89 in chips) 
Seat 6: AIien Hand ($150.52 in chips) 
AIien Hand: posts small blind $0.50
p0pa4poker: posts big blind $1
*** HOLE CARDS ***
michasia: raises $1.60 to $2.60
neild72: folds 
AlexPinsk1: folds 
henri789: folds 
AIien Hand: folds 
p0pa4poker: folds 
Uncalled bet ($1.60) returned to michasia
michasia collected $2.50 from pot
michasia: doesn't show hand 
*** SUMMARY ***
Total pot $2.50 | Rake $0 
Seat 1: p0pa4poker (big blind) folded before Flop
Seat 2: michasia collected ($2.50)
Seat 3: neild72 folded before Flop (didn't bet)
Seat 4: AlexPinsk1 folded before Flop (didn't bet)
Seat 5: henri789 (button) folded before Flop (didn't bet)
Seat 6: AIien Hand (small blind) folded before Flop



PokerStars Hand #254491667081:  Hold'em No Limit ($0.50/$1.00 USD) - 2025/01/21 22:52:17 WET [2025/01/21 17:52:17 ET]
Table 'Bohmia IV' 6-max Seat #6 is the button
Seat 1: p0pa4poker ($100 in chips) 
Seat 2: michasia ($137.74 in chips) 
Seat 3: neild72 ($49.16 in chips) 
Seat 4: AlexPinsk1 ($184.26 in chips) 
Seat 5: henri789 ($104.89 in chips) 
Seat 6: AIien Hand ($150.02 in chips) 
p0pa4poker: posts small blind $0.50
michasia: posts big blind $1
*** HOLE CARDS ***
neild72: folds 
AlexPinsk1: raises $1.50 to $2.50
henri789: folds 
AIien Hand: raises $5.50 to $8
p0pa4poker: folds 
michasia: folds 
AlexPinsk1: folds 
Uncalled bet ($5.50) returned to AIien Hand
AIien Hand collected $6.50 from pot
AIien Hand: doesn't show hand 
*** SUMMARY ***
Total pot $6.50 | Rake $0 
Seat 1: p0pa4poker (small blind) folded before Flop
Seat 2: michasia (big blind) folded before Flop
Seat 3: neild72 folded before Flop (didn't bet)
Seat 4: AlexPinsk1 folded before Flop
Seat 5: henri789 folded before Flop (didn't bet)
Seat 6: AIien Hand (button) collected ($6.50)



PokerStars Hand #254491672587:  Hold'em No Limit ($0.50/$1.00 USD) - 2025/01/21 22:52:38 WET [2025/01/21 17:52:38 ET]
Table 'Bohmia IV' 6-max Seat #1 is the button
Seat 1: p0pa4poker ($99.50 in chips) 
Seat 2: michasia ($136.74 in chips) 
Seat 3: neild72 ($49.16 in chips) 
Seat 4: AlexPinsk1 ($181.76 in chips) 
Seat 5: henri789 ($104.89 in chips) 
Seat 6: AIien Hand ($154.02 in chips) 
michasia: posts small blind $0.50
neild72: posts big blind $1
*** HOLE CARDS ***
AlexPinsk1: folds 
henri789: folds 
AIien Hand: folds 
p0pa4poker: raises $1.50 to $2.50
michasia: folds 
neild72: raises $4.50 to $7
p0pa4poker: raises $92.50 to $99.50 and is all-in
neild72: folds 
Uncalled bet ($92.50) returned to p0pa4poker
p0pa4poker collected $14.50 from pot
p0pa4poker: doesn't show hand 
*** SUMMARY ***
Total pot $14.50 | Rake $0 
Seat 1: p0pa4poker (button) collected ($14.50)
Seat 2: michasia (small blind) folded before Flop
Seat 3: neild72 (big blind) folded before Flop
Seat 4: AlexPinsk1 folded before Flop (didn't bet)
Seat 5: henri789 folded before Flop (didn't bet)
Seat 6: AIien Hand folded before Flop (didn't bet)



PokerStars Hand #254491681821:  Hold'em No Limit ($0.50/$1.00 USD) - 2025/01/21 22:53:13 WET [2025/01/21 17:53:13 ET]
Table 'Bohmia IV' 6-max Seat #2 is the button
Seat 1: p0pa4poker ($107 in chips) 
Seat 2: michasia ($136.24 in chips) 
Seat 3: neild72 ($42.16 in chips) 
Seat 4: AlexPinsk1 ($181.76 in chips) 
Seat 5: henri789 ($104.89 in chips) 
Seat 6: AIien Hand ($154.02 in chips) 
neild72: posts small blind $0.50
AlexPinsk1: posts big blind $1
*** HOLE CARDS ***
henri789: folds 
AIien Hand: folds 
p0pa4poker: raises $1.30 to $2.30
michasia: folds 
neild72: folds 
AlexPinsk1: raises $9.70 to $12
p0pa4poker: folds 
Uncalled bet ($9.70) returned to AlexPinsk1
AlexPinsk1 collected $5.10 from pot
AlexPinsk1: doesn't show hand 
*** SUMMARY ***
Total pot $5.10 | Rake $0 
Seat 1: p0pa4poker folded before Flop
Seat 2: michasia (button) folded before Flop (didn't bet)
Seat 3: neild72 (small blind) folded before Flop
Seat 4: AlexPinsk1 (big blind) collected ($5.10)
Seat 5: henri789 folded before Flop (didn't bet)
Seat 6: AIien Hand folded before Flop (didn't bet)



PokerStars Hand #254491691084:  Hold'em No Limit ($0.50/$1.00 USD) - 2025/01/21 22:53:49 WET [2025/01/21 17:53:49 ET]
Table 'Bohmia IV' 6-max Seat #3 is the button
Seat 1: p0pa4poker ($104.70 in chips) 
Seat 2: michasia ($136.24 in chips) 
Seat 3: neild72 ($41.66 in chips) 
Seat 4: AlexPinsk1 ($184.56 in chips) 
Seat 5: henri789 ($104.89 in chips) 
Seat 6: AIien Hand ($154.02 in chips) 
AlexPinsk1: posts small blind $0.50
henri789: posts big blind $1
*** HOLE CARDS ***
AIien Hand: folds 
p0pa4poker: folds 
michasia: raises $1.80 to $2.80
neild72: calls $2.80
AlexPinsk1: calls $2.30
henri789: folds 
*** FLOP *** [6h 3s Kh]
AlexPinsk1: checks 
michasia: bets $2.95
neild72: calls $2.95
AlexPinsk1: folds 
*** TURN *** [6h 3s Kh] [4s]
michasia: bets $9.69
neild72: folds 
Uncalled bet ($9.69) returned to michasia
michasia collected $14.54 from pot
michasia: doesn't show hand 
*** SUMMARY ***
Total pot $15.30 | Rake $0.76 
Board [6h 3s Kh 4s]
Seat 1: p0pa4poker folded before Flop (didn't bet)
Seat 2: michasia collected ($14.54)
Seat 3: neild72 (button) folded on the Turn
Seat 4: AlexPinsk1 (small blind) folded on the Flop
Seat 5: henri789 (big blind) folded before Flop
Seat 6: AIien Hand folded before Flop (didn't bet)



PokerStars Hand #254491699720:  Hold'em No Limit ($0.50/$1.00 USD) - 2025/01/21 22:54:22 WET [2025/01/21 17:54:22 ET]
Table 'Bohmia IV' 6-max Seat #4 is the button
Seat 1: p0pa4poker ($104.70 in chips) 
Seat 2: michasia ($145.03 in chips) 
Seat 3: neild72 ($35.91 in chips) 
Seat 4: AlexPinsk1 ($181.76 in chips) 
Seat 5: henri789 ($103.89 in chips) 
Seat 6: AIien Hand ($154.02 in chips) 
henri789: posts small blind $0.50
AIien Hand: posts big blind $1
*** HOLE CARDS ***
p0pa4poker: folds 
michasia: folds 
neild72: calls $1
AlexPinsk1: folds 
henri789: folds 
AIien Hand: checks 
*** FLOP *** [Kd 6c Ks]
AIien Hand: checks 
neild72: bets $1
AIien Hand: folds 
Uncalled bet ($1) returned to neild72
neild72 collected $2.38 from pot
*** SUMMARY ***
Total pot $2.50 | Rake $0.12 
Board [Kd 6c Ks]
Seat 1: p0pa4poker folded before Flop (didn't bet)
Seat 2: michasia folded before Flop (didn't bet)
Seat 3: neild72 collected ($2.38)
Seat 4: AlexPinsk1 (button) folded before Flop (didn't bet)
Seat 5: henri789 (small blind) folded before Flop
Seat 6: AIien Hand (big blind) folded on the Flop



PokerStars Hand #254491708406:  Hold'em No Limit ($0.50/$1.00 USD) - 2025/01/21 22:54:56 WET [2025/01/21 17:54:56 ET]
Table 'Bohmia IV' 6-max Seat #5 is the button
Seat 1: p0pa4poker ($104.70 in chips) 
Seat 2: michasia ($145.03 in chips) 
Seat 3: neild72 ($37.29 in chips) 
Seat 4: AlexPinsk1 ($181.76 in chips) 
Seat 5: henri789 ($103.39 in chips) 
Seat 6: AIien Hand ($153.02 in chips) 
AIien Hand: posts small blind $0.50
p0pa4poker: posts big blind $1
*** HOLE CARDS ***
michasia: raises $1.60 to $2.60
neild72: calls $2.60
AlexPinsk1: folds 
henri789: folds 
AIien Hand: folds 
p0pa4poker: folds 
*** FLOP *** [Tc 7d 8s]
michasia: checks 
neild72: checks 
*** TURN *** [Tc 7d 8s] [Th]
michasia: checks 
neild72: checks 
*** RIVER *** [Tc 7d 8s Th] [5d]
michasia: checks 
neild72: checks 
*** SHOW DOWN ***
michasia: shows [Kh Qc] (a pair of Tens)
neild72: shows [3s Ac] (a pair of Tens - Ace kicker)
neild72 collected $6.36 from pot
*** SUMMARY ***
Total pot $6.70 | Rake $0.34 
Board [Tc 7d 8s Th 5d]
Seat 1: p0pa4poker (big blind) folded before Flop
Seat 2: michasia showed [Kh Qc] and lost with a pair of Tens
Seat 3: neild72 showed [3s Ac] and won ($6.36) with a pair of Tens
Seat 4: AlexPinsk1 folded before Flop (didn't bet)
Seat 5: henri789 (button) folded before Flop (didn't bet)
Seat 6: AIien Hand (small blind) folded before Flop



PokerStars Hand #254491714325:  Hold'em No Limit ($0.50/$1.00 USD) - 2025/01/21 22:55:24 WET [2025/01/21 17:55:24 ET]
Table 'Bohmia IV' 6-max Seat #6 is the button
Seat 1: p0pa4poker ($103.70 in chips) 
Seat 2: michasia ($142.43 in chips) 
Seat 3: neild72 ($41.05 in chips) 
Seat 4: AlexPinsk1 ($181.76 in chips) 
Seat 5: henri789 ($103.39 in chips) 
Seat 6: AIien Hand ($152.52 in chips) 
p0pa4poker: posts small blind $0.50
michasia: posts big blind $1
*** HOLE CARDS ***
neild72: folds 
AlexPinsk1: folds 
henri789: folds 
AIien Hand: raises $1.50 to $2.50
p0pa4poker: raises $9.50 to $12
michasia: folds 
AIien Hand: raises $13 to $25
p0pa4poker: folds 
Uncalled bet ($13) returned to AIien Hand
AIien Hand collected $25 from pot
AIien Hand: doesn't show hand 
*** SUMMARY ***
Total pot $25 | Rake $0 
Seat 1: p0pa4poker (small blind) folded before Flop
Seat 2: michasia (big blind) folded before Flop
Seat 3: neild72 folded before Flop (didn't bet)
Seat 4: AlexPinsk1 folded before Flop (didn't bet)
Seat 5: henri789 folded before Flop (didn't bet)
Seat 6: AIien Hand (button) collected ($25)



PokerStars Hand #254491721629:  Hold'em No Limit ($0.50/$1.00 USD) - 2025/01/21 22:56:01 WET [2025/01/21 17:56:01 ET]
Table 'Bohmia IV' 6-max Seat #1 is the button
Seat 1: p0pa4poker ($100 in chips) 
Seat 2: michasia ($141.43 in chips) 
Seat 3: neild72 ($41.05 in chips) 
Seat 4: AlexPinsk1 ($181.76 in chips) 
Seat 5: henri789 ($103.39 in chips) 
Seat 6: AIien Hand ($165.52 in chips) 
michasia: posts small blind $0.50
neild72: posts big blind $1
*** HOLE CARDS ***
AlexPinsk1: folds 
henri789: folds 
AIien Hand: raises $1.20 to $2.20
p0pa4poker: folds 
michasia: folds 
neild72: calls $1.20
*** FLOP *** [6h 9s Tc]
neild72: checks 
AIien Hand: checks 
*** TURN *** [6h 9s Tc] [8c]
neild72: checks 
AIien Hand: bets $1
neild72: calls $1
*** RIVER *** [6h 9s Tc 8c] [5h]
neild72: bets $6.56
AIien Hand: calls $6.56
*** SHOW DOWN ***
neild72: shows [Jh 7h] (a straight, Seven to Jack)
AIien Hand: mucks hand 
neild72 collected $19.02 from pot
*** SUMMARY ***
Total pot $20.02 | Rake $1 
Board [6h 9s Tc 8c 5h]
Seat 1: p0pa4poker (button) folded before Flop (didn't bet)
Seat 2: michasia (small blind) folded before Flop
Seat 3: neild72 (big blind) showed [Jh 7h] and won ($19.02) with a straight, Seven to Jack
Seat 4: AlexPinsk1 folded before Flop (didn't bet)
Seat 5: henri789 folded before Flop (didn't bet)
Seat 6: AIien Hand mucked



PokerStars Hand #254491736696:  Hold'em No Limit ($0.50/$1.00 USD) - 2025/01/21 22:57:16 WET [2025/01/21 17:57:16 ET]
Table 'Bohmia IV' 6-max Seat #2 is the button
Seat 1: p0pa4poker ($100 in chips) 
Seat 2: michasia ($140.93 in chips) 
Seat 3: neild72 ($50.31 in chips) 
Seat 4: AlexPinsk1 ($181.76 in chips) 
Seat 5: henri789 ($103.39 in chips) 
Seat 6: AIien Hand ($155.76 in chips) 
neild72: posts small blind $0.50
AlexPinsk1: posts big blind $1
*** HOLE CARDS ***
henri789: folds 
AIien Hand: raises $1.20 to $2.20
p0pa4poker: folds 
michasia: folds 
neild72: calls $1.70
AlexPinsk1: calls $1.20
*** FLOP *** [5d 9h Qh]
neild72: checks 
AlexPinsk1: checks 
AIien Hand: bets $3.45
neild72: calls $3.45
AlexPinsk1: folds 
*** TURN *** [5d 9h Qh] [2s]
neild72: checks 
AIien Hand: bets $9.22
neild72: calls $9.22
*** RIVER *** [5d 9h Qh 2s] [Tc]
neild72: checks 
AIien Hand: checks 
*** SHOW DOWN ***
neild72: shows [As 9c] (a pair of Nines)
AIien Hand: shows [Jd Ts] (a pair of Tens)
AIien Hand collected $30.34 from pot
*** SUMMARY ***
Total pot $31.94 | Rake $1.60 
Board [5d 9h Qh 2s Tc]
Seat 1: p0pa4poker folded before Flop (didn't bet)
Seat 2: michasia (button) folded before Flop (didn't bet)
Seat 3: neild72 (small blind) showed [As 9c] and lost with a pair of Nines
Seat 4: AlexPinsk1 (big blind) folded on the Flop
Seat 5: henri789 folded before Flop (didn't bet)
Seat 6: AIien Hand showed [Jd Ts] and won ($30.34) with a pair of Tens



PokerStars Hand #254491748112:  Hold'em No Limit ($0.50/$1.00 USD) - 2025/01/21 22:58:14 WET [2025/01/21 17:58:14 ET]
Table 'Bohmia IV' 6-max Seat #3 is the button
Seat 1: p0pa4poker ($100 in chips) 
Seat 2: michasia ($140.93 in chips) 
Seat 3: neild72 ($35.44 in chips) 
Seat 4: AlexPinsk1 ($179.56 in chips) 
Seat 5: henri789 ($103.39 in chips) 
Seat 6: AIien Hand ($171.23 in chips) 
AlexPinsk1: posts small blind $0.50
henri789: posts big blind $1
*** HOLE CARDS ***
AIien Hand: folds 
p0pa4poker: folds 
michasia: folds 
neild72: folds 
AlexPinsk1: folds 
Uncalled bet ($0.50) returned to henri789
henri789 collected $1 from pot
henri789: doesn't show hand 
*** SUMMARY ***
Total pot $1 | Rake $0 
Seat 1: p0pa4poker folded before Flop (didn't bet)
Seat 2: michasia folded before Flop (didn't bet)
Seat 3: neild72 (button) folded before Flop (didn't bet)
Seat 4: AlexPinsk1 (small blind) folded before Flop
Seat 5: henri789 (big blind) collected ($1)
Seat 6: AIien Hand folded before Flop (didn't bet)



PokerStars Hand #254491750419:  Hold'em No Limit ($0.50/$1.00 USD) - 2025/01/21 22:58:26 WET [2025/01/21 17:58:26 ET]
Table 'Bohmia IV' 6-max Seat #4 is the button
Seat 1: p0pa4poker ($100 in chips) 
Seat 2: michasia ($140.93 in chips) 
Seat 3: neild72 ($35.44 in chips) 
Seat 4: AlexPinsk1 ($179.06 in chips) 
Seat 5: henri789 ($103.89 in chips) 
Seat 6: AIien Hand ($171.23 in chips) 
henri789: posts small blind $0.50
AIien Hand: posts big blind $1
*** HOLE CARDS ***
p0pa4poker: raises $1 to $2
michasia: folds 
neild72: raises $5.50 to $7.50
AlexPinsk1: folds 
henri789: folds 
AIien Hand: folds 
p0pa4poker: folds 
Uncalled bet ($5.50) returned to neild72
neild72 collected $5.50 from pot
*** SUMMARY ***
Total pot $5.50 | Rake $0 
Seat 1: p0pa4poker folded before Flop
Seat 2: michasia folded before Flop (didn't bet)
Seat 3: neild72 collected ($5.50)
Seat 4: AlexPinsk1 (button) folded before Flop (didn't bet)
Seat 5: henri789 (small blind) folded before Flop
Seat 6: AIien Hand (big blind) folded before Flop



PokerStars Hand #254491753945:  Hold'em No Limit ($0.50/$1.00 USD) - 2025/01/21 22:58:43 WET [2025/01/21 17:58:43 ET]
Table 'Bohmia IV' 6-max Seat #5 is the button
Seat 1: p0pa4poker ($100 in chips) 
Seat 2: michasia ($140.93 in chips) 
Seat 3: neild72 ($38.94 in chips) 
Seat 4: AlexPinsk1 ($179.06 in chips) 
Seat 5: henri789 ($103.39 in chips) 
Seat 6: AIien Hand ($170.23 in chips) 
AIien Hand: posts small blind $0.50
p0pa4poker: posts big blind $1
*** HOLE CARDS ***
michasia: folds 
neild72: folds 
AlexPinsk1: raises $1.50 to $2.50
henri789: folds 
AIien Hand: folds 
p0pa4poker: calls $1.50
*** FLOP *** [5c Kc 3c]
p0pa4poker: checks 
AlexPinsk1: checks 
*** TURN *** [5c Kc 3c] [Kd]
p0pa4poker: bets $1.72
AlexPinsk1: folds 
Uncalled bet ($1.72) returned to p0pa4poker
p0pa4poker collected $5.22 from pot
p0pa4poker: doesn't show hand 
*** SUMMARY ***
Total pot $5.50 | Rake $0.28 
Board [5c Kc 3c Kd]
Seat 1: p0pa4poker (big blind) collected ($5.22)
Seat 2: michasia folded before Flop (didn't bet)
Seat 3: neild72 folded before Flop (didn't bet)
Seat 4: AlexPinsk1 folded on the Turn
Seat 5: henri789 (button) folded before Flop (didn't bet)
Seat 6: AIien Hand (small blind) folded before Flop



PokerStars Hand #254491767205:  Hold'em No Limit ($0.50/$1.00 USD) - 2025/01/21 22:59:49 WET [2025/01/21 17:59:49 ET]
Table 'Bohmia IV' 6-max Seat #6 is the button
Seat 1: p0pa4poker ($102.72 in chips) 
Seat 2: michasia ($140.93 in chips) 
Seat 3: neild72 ($38.94 in chips) 
Seat 4: AlexPinsk1 ($176.56 in chips) 
Seat 5: henri789 ($103.39 in chips) 
Seat 6: AIien Hand ($169.73 in chips) 
p0pa4poker: posts small blind $0.50
michasia: posts big blind $1
*** HOLE CARDS ***
neild72: folds 
AlexPinsk1: folds 
henri789: raises $1.50 to $2.50
AIien Hand: folds 
p0pa4poker: folds 
michasia: raises $9.50 to $12
henri789: folds 
Uncalled bet ($9.50) returned to michasia
michasia collected $5.50 from pot
michasia: doesn't show hand 
*** SUMMARY ***
Total pot $5.50 | Rake $0 
Seat 1: p0pa4poker (small blind) folded before Flop
Seat 2: michasia (big blind) collected ($5.50)
Seat 3: neild72 folded before Flop (didn't bet)
Seat 4: AlexPinsk1 folded before Flop (didn't bet)
Seat 5: henri789 folded before Flop
Seat 6: AIien Hand (button) folded before Flop (didn't bet)



PokerStars Hand #254491772919:  Hold'em No Limit ($0.50/$1.00 USD) - 2025/01/21 23:00:18 WET [2025/01/21 18:00:18 ET]
Table 'Bohmia IV' 6-max Seat #1 is the button
Seat 1: p0pa4poker ($102.22 in chips) 
Seat 2: michasia ($143.93 in chips) 
Seat 3: neild72 ($38.94 in chips) 
Seat 4: AlexPinsk1 ($176.56 in chips) 
Seat 5: henri789 ($100.89 in chips) 
Seat 6: AIien Hand ($169.73 in chips) 
michasia: posts small blind $0.50
neild72: posts big blind $1
*** HOLE CARDS ***
AlexPinsk1: folds 
henri789: folds 
AIien Hand: folds 
p0pa4poker: folds 
michasia: raises $2 to $3
neild72: raises $35.94 to $38.94 and is all-in
michasia: folds 
Uncalled bet ($35.94) returned to neild72
neild72 collected $6 from pot
*** SUMMARY ***
Total pot $6 | Rake $0 
Seat 1: p0pa4poker (button) folded before Flop (didn't bet)
Seat 2: michasia (small blind) folded before Flop
Seat 3: neild72 (big blind) collected ($6)
Seat 4: AlexPinsk1 folded before Flop (didn't bet)
Seat 5: henri789 folded before Flop (didn't bet)
Seat 6: AIien Hand folded before Flop (didn't bet)



PokerStars Hand #254491777946:  Hold'em No Limit ($0.50/$1.00 USD) - 2025/01/21 23:00:40 WET [2025/01/21 18:00:40 ET]
Table 'Bohmia IV' 6-max Seat #2 is the button
Seat 1: p0pa4poker ($102.22 in chips) 
Seat 2: michasia ($140.93 in chips) 
Seat 3: neild72 ($41.94 in chips) 
Seat 4: AlexPinsk1 ($176.56 in chips) 
Seat 5: henri789 ($100.89 in chips) 
Seat 6: AIien Hand ($169.73 in chips) 
neild72: posts small blind $0.50
AlexPinsk1: posts big blind $1
*** HOLE CARDS ***
henri789: folds 
AIien Hand: raises $1.20 to $2.20
p0pa4poker: folds 
michasia: folds 
neild72: folds 
AlexPinsk1: folds 
Uncalled bet ($1.20) returned to AIien Hand
AIien Hand collected $2.50 from pot
AIien Hand: doesn't show hand 
*** SUMMARY ***
Total pot $2.50 | Rake $0 
Seat 1: p0pa4poker folded before Flop (didn't bet)
Seat 2: michasia (button) folded before Flop (didn't bet)
Seat 3: neild72 (small blind) folded before Flop
Seat 4: AlexPinsk1 (big blind) folded before Flop
Seat 5: henri789 folded before Flop (didn't bet)
Seat 6: AIien Hand collected ($2.50)



PokerStars Hand #254491781162:  Hold'em No Limit ($0.50/$1.00 USD) - 2025/01/21 23:00:55 WET [2025/01/21 18:00:55 ET]
Table 'Bohmia IV' 6-max Seat #3 is the button
Seat 1: p0pa4poker ($102.22 in chips) 
Seat 2: michasia ($140.93 in chips) 
Seat 3: neild72 ($41.44 in chips) 
Seat 4: AlexPinsk1 ($175.56 in chips) 
Seat 5: henri789 ($100.89 in chips) 
Seat 6: AIien Hand ($171.23 in chips) 
AlexPinsk1: posts small blind $0.50
henri789: posts big blind $1
*** HOLE CARDS ***
AIien Hand: folds 
p0pa4poker: folds 
michasia: folds 
neild72: folds 
AlexPinsk1: folds 
Uncalled bet ($0.50) returned to henri789
henri789 collected $1 from pot
henri789: doesn't show hand 
*** SUMMARY ***
Total pot $1 | Rake $0 
Seat 1: p0pa4poker folded before Flop (didn't bet)
Seat 2: michasia folded before Flop (didn't bet)
Seat 3: neild72 (button) folded before Flop (didn't bet)
Seat 4: AlexPinsk1 (small blind) folded before Flop
Seat 5: henri789 (big blind) collected ($1)
Seat 6: AIien Hand folded before Flop (didn't bet)



PokerStars Hand #254491784772:  Hold'em No Limit ($0.50/$1.00 USD) - 2025/01/21 23:01:10 WET [2025/01/21 18:01:10 ET]
Table 'Bohmia IV' 6-max Seat #4 is the button
Seat 1: p0pa4poker ($102.22 in chips) 
Seat 2: michasia ($140.93 in chips) 
Seat 3: neild72 ($41.44 in chips) 
Seat 4: AlexPinsk1 ($175.06 in chips) 
Seat 5: henri789 ($101.39 in chips) 
Seat 6: AIien Hand ($171.23 in chips) 
henri789: posts small blind $0.50
AIien Hand: posts big blind $1
*** HOLE CARDS ***
p0pa4poker: folds 
michasia: folds 
neild72: raises $2 to $3
AlexPinsk1: folds 
henri789: folds 
AIien Hand: folds 
Uncalled bet ($2) returned to neild72
neild72 collected $2.50 from pot
*** SUMMARY ***
Total pot $2.50 | Rake $0 
Seat 1: p0pa4poker folded before Flop (didn't bet)
Seat 2: michasia folded before Flop (didn't bet)
Seat 3: neild72 collected ($2.50)
Seat 4: AlexPinsk1 (button) folded before Flop (didn't bet)
Seat 5: henri789 (small blind) folded before Flop
Seat 6: AIien Hand (big blind) folded before Flop



PokerStars Hand #254491788276:  Hold'em No Limit ($0.50/$1.00 USD) - 2025/01/21 23:01:25 WET [2025/01/21 18:01:25 ET]
Table 'Bohmia IV' 6-max Seat #5 is the button
Seat 1: p0pa4poker ($102.22 in chips) 
Seat 2: michasia ($140.93 in chips) 
Seat 3: neild72 ($42.94 in chips) 
Seat 4: AlexPinsk1 ($175.06 in chips) 
Seat 5: henri789 ($100.89 in chips) 
Seat 6: AIien Hand ($170.23 in chips) 
AIien Hand: posts small blind $0.50
p0pa4poker: posts big blind $1
*** HOLE CARDS ***
michasia: folds 
neild72: folds 
AlexPinsk1: raises $1.50 to $2.50
henri789: folds 
AIien Hand: raises $8 to $10.50
p0pa4poker: folds 
AlexPinsk1: folds 
Uncalled bet ($8) returned to AIien Hand
AIien Hand collected $6 from pot
AIien Hand: doesn't show hand 
*** SUMMARY ***
Total pot $6 | Rake $0 
Seat 1: p0pa4poker (big blind) folded before Flop
Seat 2: michasia folded before Flop (didn't bet)
Seat 3: neild72 folded before Flop (didn't bet)
Seat 4: AlexPinsk1 folded before Flop
Seat 5: henri789 (button) folded before Flop (didn't bet)
Seat 6: AIien Hand (small blind) collected ($6)



PokerStars Hand #254491798396:  Hold'em No Limit ($0.50/$1.00 USD) - 2025/01/21 23:02:05 WET [2025/01/21 18:02:05 ET]
Table 'Bohmia IV' 6-max Seat #6 is the button
Seat 1: p0pa4poker ($101.22 in chips) 
Seat 2: michasia ($140.93 in chips) 
Seat 3: neild72 ($42.94 in chips) 
Seat 4: AlexPinsk1 ($172.56 in chips) 
Seat 5: henri789 ($100.89 in chips) 
Seat 6: AIien Hand ($173.73 in chips) 
p0pa4poker: posts small blind $0.50
michasia: posts big blind $1
*** HOLE CARDS ***
neild72: calls $1
AlexPinsk1: raises $3 to $4
henri789: folds 
AIien Hand: folds 
p0pa4poker: folds 
michasia: folds 
neild72: calls $3
*** FLOP *** [Th 5h 6d]
neild72: checks 
AlexPinsk1: bets $4.51
neild72: calls $4.51
*** TURN *** [Th 5h 6d] [Ks]
neild72: checks 
AlexPinsk1: checks 
*** RIVER *** [Th 5h 6d Ks] [8s]
neild72: checks 
AlexPinsk1: checks 
*** SHOW DOWN ***
neild72: shows [As Jc] (high card Ace)
AlexPinsk1: shows [Qh Ad] (high card Ace - King+Queen kicker)
AlexPinsk1 collected $17.59 from pot
*** SUMMARY ***
Total pot $18.52 | Rake $0.93 
Board [Th 5h 6d Ks 8s]
Seat 1: p0pa4poker (small blind) folded before Flop
Seat 2: michasia (big blind) folded before Flop
Seat 3: neild72 showed [As Jc] and lost with high card Ace
Seat 4: AlexPinsk1 showed [Qh Ad] and won ($17.59) with high card Ace
Seat 5: henri789 folded before Flop (didn't bet)
Seat 6: AIien Hand (button) folded before Flop (didn't bet)



PokerStars Hand #254491808396:  Hold'em No Limit ($0.50/$1.00 USD) - 2025/01/21 23:02:45 WET [2025/01/21 18:02:45 ET]
Table 'Bohmia IV' 6-max Seat #1 is the button
Seat 1: p0pa4poker ($100.72 in chips) 
Seat 2: michasia ($139.93 in chips) 
Seat 3: neild72 ($34.43 in chips) 
Seat 4: AlexPinsk1 ($181.64 in chips) 
Seat 5: henri789 ($100.89 in chips) 
Seat 6: AIien Hand ($173.73 in chips) 
michasia: posts small blind $0.50
neild72: posts big blind $1
*** HOLE CARDS ***
AlexPinsk1: folds 
henri789: folds 
AIien Hand: folds 
p0pa4poker: raises $1.50 to $2.50
michasia: folds 
neild72: folds 
Uncalled bet ($1.50) returned to p0pa4poker
p0pa4poker collected $2.50 from pot
p0pa4poker: doesn't show hand 
*** SUMMARY ***
Total pot $2.50 | Rake $0 
Seat 1: p0pa4poker (button) collected ($2.50)
Seat 2: michasia (small blind) folded before Flop
Seat 3: neild72 (big blind) folded before Flop
Seat 4: AlexPinsk1 folded before Flop (didn't bet)
Seat 5: henri789 folded before Flop (didn't bet)
Seat 6: AIien Hand folded before Flop (didn't bet)



PokerStars Hand #254491811481:  Hold'em No Limit ($0.50/$1.00 USD) - 2025/01/21 23:02:57 WET [2025/01/21 18:02:57 ET]
Table 'Bohmia IV' 6-max Seat #2 is the button
Seat 1: p0pa4poker ($102.22 in chips) 
Seat 2: michasia ($139.43 in chips) 
Seat 3: neild72 ($33.43 in chips) 
Seat 4: AlexPinsk1 ($181.64 in chips) 
Seat 5: henri789 ($100.89 in chips) 
Seat 6: AIien Hand ($173.73 in chips) 
neild72: posts small blind $0.50
AlexPinsk1: posts big blind $1
*** HOLE CARDS ***
henri789: raises $1.50 to $2.50
AIien Hand: folds 
p0pa4poker: folds 
michasia: folds 
neild72: calls $2
AlexPinsk1: folds 
*** FLOP *** [8h Tc 5h]
neild72: checks 
henri789: checks 
*** TURN *** [8h Tc 5h] [Ac]
neild72: checks 
henri789: bets $5.70
neild72: calls $5.70
*** RIVER *** [8h Tc 5h Ac] [3h]
neild72: checks 
henri789: bets $28
neild72: folds 
Uncalled bet ($28) returned to henri789
henri789 collected $16.53 from pot
henri789: doesn't show hand 
*** SUMMARY ***
Total pot $17.40 | Rake $0.87 
Board [8h Tc 5h Ac 3h]
Seat 1: p0pa4poker folded before Flop (didn't bet)
Seat 2: michasia (button) folded before Flop (didn't bet)
Seat 3: neild72 (small blind) folded on the River
Seat 4: AlexPinsk1 (big blind) folded before Flop
Seat 5: henri789 collected ($16.53)
Seat 6: AIien Hand folded before Flop (didn't bet)



PokerStars Hand #254491828991:  Hold'em No Limit ($0.50/$1.00 USD) - 2025/01/21 23:04:05 WET [2025/01/21 18:04:05 ET]
Table 'Bohmia IV' 6-max Seat #3 is the button
Seat 1: p0pa4poker ($102.22 in chips) 
Seat 2: michasia ($139.43 in chips) 
Seat 3: neild72 ($25.23 in chips) 
Seat 4: AlexPinsk1 ($180.64 in chips) 
Seat 5: henri789 ($109.22 in chips) 
Seat 6: AIien Hand ($173.73 in chips) 
AlexPinsk1: posts small blind $0.50
henri789: posts big blind $1
*** HOLE CARDS ***
AIien Hand: folds 
p0pa4poker: folds 
michasia: folds 
neild72: calls $1
AlexPinsk1: calls $0.50
henri789: checks 
*** FLOP *** [Jc 9h Kd]
AlexPinsk1: checks 
henri789: checks 
neild72: checks 
*** TURN *** [Jc 9h Kd] [Ks]
AlexPinsk1: checks 
henri789: checks 
neild72: checks 
*** RIVER *** [Jc 9h Kd Ks] [Qs]
AlexPinsk1: bets $2
henri789: folds 
neild72: folds 
Uncalled bet ($2) returned to AlexPinsk1
AlexPinsk1 collected $2.85 from pot
AlexPinsk1: doesn't show hand 
*** SUMMARY ***
Total pot $3 | Rake $0.15 
Board [Jc 9h Kd Ks Qs]
Seat 1: p0pa4poker folded before Flop (didn't bet)
Seat 2: michasia folded before Flop (didn't bet)
Seat 3: neild72 (button) folded on the River
Seat 4: AlexPinsk1 (small blind) collected ($2.85)
Seat 5: henri789 (big blind) folded on the River
Seat 6: AIien Hand folded before Flop (didn't bet)



PokerStars Hand #254491844488:  Hold'em No Limit ($0.50/$1.00 USD) - 2025/01/21 23:05:04 WET [2025/01/21 18:05:04 ET]
Table 'Bohmia IV' 6-max Seat #4 is the button
Seat 1: p0pa4poker ($102.22 in chips) 
Seat 2: michasia ($139.43 in chips) 
Seat 3: neild72 ($24.23 in chips) 
Seat 4: AlexPinsk1 ($182.49 in chips) 
Seat 5: henri789 ($108.22 in chips) 
Seat 6: AIien Hand ($173.73 in chips) 
henri789: posts small blind $0.50
AIien Hand: posts big blind $1
*** HOLE CARDS ***
p0pa4poker: raises $1 to $2
michasia: folds 
neild72: folds 
AlexPinsk1: folds 
henri789: folds 
AIien Hand: folds 
Uncalled bet ($1) returned to p0pa4poker
p0pa4poker collected $2.50 from pot
p0pa4poker: doesn't show hand 
*** SUMMARY ***
Total pot $2.50 | Rake $0 
Seat 1: p0pa4poker collected ($2.50)
Seat 2: michasia folded before Flop (didn't bet)
Seat 3: neild72 folded before Flop (didn't bet)
Seat 4: AlexPinsk1 (button) folded before Flop (didn't bet)
Seat 5: henri789 (small blind) folded before Flop
Seat 6: AIien Hand (big blind) folded before Flop



PokerStars Hand #254491851246:  Hold'em No Limit ($0.50/$1.00 USD) - 2025/01/21 23:05:30 WET [2025/01/21 18:05:30 ET]
Table 'Bohmia IV' 6-max Seat #5 is the button
Seat 1: p0pa4poker ($103.72 in chips) 
Seat 2: michasia ($139.43 in chips) 
Seat 3: neild72 ($24.23 in chips) 
Seat 4: AlexPinsk1 ($182.49 in chips) 
Seat 5: henri789 ($107.72 in chips) 
Seat 6: AIien Hand ($172.73 in chips) 
AIien Hand: posts small blind $0.50
p0pa4poker: posts big blind $1
*** HOLE CARDS ***
michasia: folds 
neild72: folds 
AlexPinsk1: folds 
henri789: raises $1.50 to $2.50
AIien Hand: folds 
p0pa4poker: folds 
Uncalled bet ($1.50) returned to henri789
henri789 collected $2.50 from pot
henri789: doesn't show hand 
*** SUMMARY ***
Total pot $2.50 | Rake $0 
Seat 1: p0pa4poker (big blind) folded before Flop
Seat 2: michasia folded before Flop (didn't bet)
Seat 3: neild72 folded before Flop (didn't bet)
Seat 4: AlexPinsk1 folded before Flop (didn't bet)
Seat 5: henri789 (button) collected ($2.50)
Seat 6: AIien Hand (small blind) folded before Flop



PokerStars Hand #254491855977:  Hold'em No Limit ($0.50/$1.00 USD) - 2025/01/21 23:05:48 WET [2025/01/21 18:05:48 ET]
Table 'Bohmia IV' 6-max Seat #6 is the button
Seat 1: p0pa4poker ($102.72 in chips) 
Seat 2: michasia ($139.43 in chips) 
Seat 3: neild72 ($24.23 in chips) 
Seat 4: AlexPinsk1 ($182.49 in chips) 
Seat 5: henri789 ($109.22 in chips) 
Seat 6: AIien Hand ($172.23 in chips) 
p0pa4poker: posts small blind $0.50
michasia: posts big blind $1
*** HOLE CARDS ***
neild72: calls $1
AlexPinsk1: folds 
henri789: folds 
AIien Hand: folds 
p0pa4poker: folds 
michasia: checks 
*** FLOP *** [2d 2h 6h]
michasia: checks 
neild72: bets $2.38
michasia: folds 
Uncalled bet ($2.38) returned to neild72
neild72 collected $2.38 from pot
*** SUMMARY ***
Total pot $2.50 | Rake $0.12 
Board [2d 2h 6h]
Seat 1: p0pa4poker (small blind) folded before Flop
Seat 2: michasia (big blind) folded on the Flop
Seat 3: neild72 collected ($2.38)
Seat 4: AlexPinsk1 folded before Flop (didn't bet)
Seat 5: henri789 folded before Flop (didn't bet)
Seat 6: AIien Hand (button) folded before Flop (didn't bet)



PokerStars Hand #254491863263:  Hold'em No Limit ($0.50/$1.00 USD) - 2025/01/21 23:06:16 WET [2025/01/21 18:06:16 ET]
Table 'Bohmia IV' 6-max Seat #1 is the button
Seat 1: p0pa4poker ($102.22 in chips) 
Seat 2: michasia ($138.43 in chips) 
Seat 3: neild72 ($25.61 in chips) 
Seat 4: AlexPinsk1 ($182.49 in chips) 
Seat 5: henri789 ($109.22 in chips) 
Seat 6: AIien Hand ($172.23 in chips) 
michasia: posts small blind $0.50
neild72: posts big blind $1
*** HOLE CARDS ***
AlexPinsk1: folds 
henri789: raises $1.50 to $2.50
AIien Hand: folds 
p0pa4poker: folds 
michasia: folds 
neild72: calls $1.50
*** FLOP *** [Jd Jc 3s]
neild72: checks 
henri789: bets $1
neild72: folds 
Uncalled bet ($1) returned to henri789
henri789 collected $5.22 from pot
henri789: doesn't show hand 
*** SUMMARY ***
Total pot $5.50 | Rake $0.28 
Board [Jd Jc 3s]
Seat 1: p0pa4poker (button) folded before Flop (didn't bet)
Seat 2: michasia (small blind) folded before Flop
Seat 3: neild72 (big blind) folded on the Flop
Seat 4: AlexPinsk1 folded before Flop (didn't bet)
Seat 5: henri789 collected ($5.22)
Seat 6: AIien Hand folded before Flop (didn't bet)



PokerStars Hand #254491870093:  Hold'em No Limit ($0.50/$1.00 USD) - 2025/01/21 23:06:43 WET [2025/01/21 18:06:43 ET]
Table 'Bohmia IV' 6-max Seat #2 is the button
Seat 1: p0pa4poker ($102.22 in chips) 
Seat 2: michasia ($137.93 in chips) 
Seat 3: neild72 ($23.11 in chips) 
Seat 4: AlexPinsk1 ($182.49 in chips) 
Seat 5: henri789 ($111.94 in chips) 
Seat 6: AIien Hand ($172.23 in chips) 
neild72: posts small blind $0.50
AlexPinsk1: posts big blind $1
*** HOLE CARDS ***
henri789: folds 
AIien Hand: folds 
p0pa4poker: folds 
michasia: raises $1.80 to $2.80
neild72: folds 
AlexPinsk1: folds 
Uncalled bet ($1.80) returned to michasia
michasia collected $2.50 from pot
michasia: doesn't show hand 
p0pa4poker leaves the table
*** SUMMARY ***
Total pot $2.50 | Rake $0 
Seat 1: p0pa4poker folded before Flop (didn't bet)
Seat 2: michasia (button) collected ($2.50)
Seat 3: neild72 (small blind) folded before Flop
Seat 4: AlexPinsk1 (big blind) folded before Flop
Seat 5: henri789 folded before Flop (didn't bet)
Seat 6: AIien Hand folded before Flop (didn't bet)



PokerStars Hand #254491872493:  Hold'em No Limit ($0.50/$1.00 USD) - 2025/01/21 23:06:52 WET [2025/01/21 18:06:52 ET]
Table 'Bohmia IV' 6-max Seat #3 is the button
Seat 2: michasia ($139.43 in chips) 
Seat 3: neild72 ($22.61 in chips) 
Seat 4: AlexPinsk1 ($181.49 in chips) 
Seat 5: henri789 ($111.94 in chips) 
Seat 6: AIien Hand ($172.23 in chips) 
AlexPinsk1: posts small blind $0.50
henri789: posts big blind $1
*** HOLE CARDS ***
AIien Hand: folds 
michasia: folds 
neild72: raises $21.61 to $22.61 and is all-in
AlexPinsk1: folds 
henri789: folds 
Uncalled bet ($21.61) returned to neild72
neild72 collected $2.50 from pot
*** SUMMARY ***
Total pot $2.50 | Rake $0 
Seat 2: michasia folded before Flop (didn't bet)
Seat 3: neild72 (button) collected ($2.50)
Seat 4: AlexPinsk1 (small blind) folded before Flop
Seat 5: henri789 (big blind) folded before Flop
Seat 6: AIien Hand folded before Flop (didn't bet)



PokerStars Hand #254491880666:  Hold'em No Limit ($0.50/$1.00 USD) - 2025/01/21 23:07:24 WET [2025/01/21 18:07:24 ET]
Table 'Bohmia IV' 6-max Seat #4 is the button
Seat 2: michasia ($139.43 in chips) 
Seat 3: neild72 ($24.11 in chips) 
Seat 4: AlexPinsk1 ($180.99 in chips) 
Seat 5: henri789 ($110.94 in chips) 
Seat 6: AIien Hand ($172.23 in chips) 
henri789: posts small blind $0.50
AIien Hand: posts big blind $1
*** HOLE CARDS ***
michasia: folds 
neild72: calls $1
AlexPinsk1: folds 
henri789: raises $4 to $5
AIien Hand: folds 
neild72: calls $4
*** FLOP *** [Ad 9h 5d]
Unipoker11 joins the table at seat #1 
henri789: bets $3.45
neild72: folds 
Uncalled bet ($3.45) returned to henri789
henri789 collected $10.45 from pot
henri789: doesn't show hand 
*** SUMMARY ***
Total pot $11 | Rake $0.55 
Board [Ad 9h 5d]
Seat 2: michasia folded before Flop (didn't bet)
Seat 3: neild72 folded on the Flop
Seat 4: AlexPinsk1 (button) folded before Flop (didn't bet)
Seat 5: henri789 (small blind) collected ($10.45)
Seat 6: AIien Hand (big blind) folded before Flop



PokerStars Hand #254491887666:  Hold'em No Limit ($0.50/$1.00 USD) - 2025/01/21 23:07:50 WET [2025/01/21 18:07:50 ET]
Table 'Bohmia IV' 6-max Seat #5 is the button
Seat 1: Unipoker11 ($100 in chips) 
Seat 2: michasia ($139.43 in chips) 
Seat 3: neild72 ($19.11 in chips) 
Seat 4: AlexPinsk1 ($180.99 in chips) 
Seat 5: henri789 ($116.39 in chips) 
Seat 6: AIien Hand ($171.23 in chips) 
AIien Hand: posts small blind $0.50
Unipoker11: posts big blind $1
*** HOLE CARDS ***
michasia: folds 
neild72: folds 
AlexPinsk1: raises $1.50 to $2.50
henri789: folds 
AIien Hand: folds 
Unipoker11: folds 
Uncalled bet ($1.50) returned to AlexPinsk1
AlexPinsk1 collected $2.50 from pot
AlexPinsk1: doesn't show hand 
*** SUMMARY ***
Total pot $2.50 | Rake $0 
Seat 1: Unipoker11 (big blind) folded before Flop
Seat 2: michasia folded before Flop (didn't bet)
Seat 3: neild72 folded before Flop (didn't bet)
Seat 4: AlexPinsk1 collected ($2.50)
Seat 5: henri789 (button) folded before Flop (didn't bet)
Seat 6: AIien Hand (small blind) folded before Flop



PokerStars Hand #254491893960:  Hold'em No Limit ($0.50/$1.00 USD) - 2025/01/21 23:08:15 WET [2025/01/21 18:08:15 ET]
Table 'Bohmia IV' 6-max Seat #6 is the button
Seat 1: Unipoker11 ($100 in chips) 
Seat 2: michasia ($139.43 in chips) 
Seat 3: neild72 ($19.11 in chips) 
Seat 4: AlexPinsk1 ($182.49 in chips) 
Seat 5: henri789 ($116.39 in chips) 
Seat 6: AIien Hand ($170.73 in chips) 
Unipoker11: posts small blind $0.50
michasia: posts big blind $1
*** HOLE CARDS ***
neild72: folds 
AlexPinsk1: folds 
henri789: folds 
AIien Hand: raises $1.50 to $2.50
Unipoker11: folds 
michasia: calls $1.50
*** FLOP *** [5c 6h 6c]
michasia: checks 
AIien Hand: checks 
*** TURN *** [5c 6h 6c] [7s]
michasia: checks 
AIien Hand: checks 
*** RIVER *** [5c 6h 6c 7s] [Jh]
michasia: checks 
AIien Hand: bets $3.76
michasia: calls $3.76
*** SHOW DOWN ***
AIien Hand: shows [Qd Kd] (a pair of Sixes)
michasia: shows [Jd Td] (two pair, Jacks and Sixes)
michasia collected $12.37 from pot
*** SUMMARY ***
Total pot $13.02 | Rake $0.65 
Board [5c 6h 6c 7s Jh]
Seat 1: Unipoker11 (small blind) folded before Flop
Seat 2: michasia (big blind) showed [Jd Td] and won ($12.37) with two pair, Jacks and Sixes
Seat 3: neild72 folded before Flop (didn't bet)
Seat 4: AlexPinsk1 folded before Flop (didn't bet)
Seat 5: henri789 folded before Flop (didn't bet)
Seat 6: AIien Hand (button) showed [Qd Kd] and lost with a pair of Sixes



PokerStars Hand #254491909759:  Hold'em No Limit ($0.50/$1.00 USD) - 2025/01/21 23:09:17 WET [2025/01/21 18:09:17 ET]
Table 'Bohmia IV' 6-max Seat #1 is the button
Seat 1: Unipoker11 ($100 in chips) 
Seat 2: michasia ($145.54 in chips) 
Seat 3: neild72 ($19.11 in chips) 
Seat 4: AlexPinsk1 ($182.49 in chips) 
Seat 5: henri789 ($116.39 in chips) 
Seat 6: AIien Hand ($164.47 in chips) 
michasia: posts small blind $0.50
neild72: posts big blind $1
*** HOLE CARDS ***
AlexPinsk1: folds 
henri789: folds 
AIien Hand: folds 
Unipoker11: folds 
michasia: raises $2 to $3
neild72: folds 
Uncalled bet ($2) returned to michasia
michasia collected $2 from pot
michasia: doesn't show hand 
*** SUMMARY ***
Total pot $2 | Rake $0 
Seat 1: Unipoker11 (button) folded before Flop (didn't bet)
Seat 2: michasia (small blind) collected ($2)
Seat 3: neild72 (big blind) folded before Flop
Seat 4: AlexPinsk1 folded before Flop (didn't bet)
Seat 5: henri789 folded before Flop (didn't bet)
Seat 6: AIien Hand folded before Flop (didn't bet)



PokerStars Hand #254491916192:  Hold'em No Limit ($0.50/$1.00 USD) - 2025/01/21 23:09:42 WET [2025/01/21 18:09:42 ET]
Table 'Bohmia IV' 6-max Seat #2 is the button
Seat 1: Unipoker11 ($100 in chips) 
Seat 2: michasia ($146.54 in chips) 
Seat 3: neild72 ($18.11 in chips) 
Seat 4: AlexPinsk1 ($182.49 in chips) 
Seat 5: henri789 ($116.39 in chips) 
Seat 6: AIien Hand ($164.47 in chips) 
neild72: posts small blind $0.50
AlexPinsk1: posts big blind $1
*** HOLE CARDS ***
henri789: folds 
AIien Hand: folds 
Unipoker11: folds 
michasia: folds 
neild72: raises $2 to $3
AlexPinsk1: folds 
Uncalled bet ($2) returned to neild72
neild72 collected $2 from pot
*** SUMMARY ***
Total pot $2 | Rake $0 
Seat 1: Unipoker11 folded before Flop (didn't bet)
Seat 2: michasia (button) folded before Flop (didn't bet)
Seat 3: neild72 (small blind) collected ($2)
Seat 4: AlexPinsk1 (big blind) folded before Flop
Seat 5: henri789 folded before Flop (didn't bet)
Seat 6: AIien Hand folded before Flop (didn't bet)



PokerStars Hand #254491920854:  Hold'em No Limit ($0.50/$1.00 USD) - 2025/01/21 23:10:00 WET [2025/01/21 18:10:00 ET]
Table 'Bohmia IV' 6-max Seat #3 is the button
Seat 1: Unipoker11 ($100 in chips) 
Seat 2: michasia ($146.54 in chips) 
Seat 3: neild72 ($19.11 in chips) 
Seat 4: AlexPinsk1 ($181.49 in chips) 
Seat 5: henri789 ($116.39 in chips) 
Seat 6: AIien Hand ($164.47 in chips) 
AlexPinsk1: posts small blind $0.50
henri789: posts big blind $1
*** HOLE CARDS ***
AIien Hand: folds 
Unipoker11: folds 
michasia: raises $1.80 to $2.80
neild72: folds 
AlexPinsk1: folds 
henri789: folds 
Uncalled bet ($1.80) returned to michasia
michasia collected $2.50 from pot
michasia: doesn't show hand 
*** SUMMARY ***
Total pot $2.50 | Rake $0 
Seat 1: Unipoker11 folded before Flop (didn't bet)
Seat 2: michasia collected ($2.50)
Seat 3: neild72 (button) folded before Flop (didn't bet)
Seat 4: AlexPinsk1 (small blind) folded before Flop
Seat 5: henri789 (big blind) folded before Flop
Seat 6: AIien Hand folded before Flop (didn't bet)



PokerStars Hand #254491926125:  Hold'em No Limit ($0.50/$1.00 USD) - 2025/01/21 23:10:20 WET [2025/01/21 18:10:20 ET]
Table 'Bohmia IV' 6-max Seat #4 is the button
Seat 1: Unipoker11 ($100 in chips) 
Seat 2: michasia ($148.04 in chips) 
Seat 3: neild72 ($19.11 in chips) 
Seat 4: AlexPinsk1 ($180.99 in chips) 
Seat 5: henri789 ($115.39 in chips) 
Seat 6: AIien Hand ($164.47 in chips) 
henri789: posts small blind $0.50
AIien Hand: posts big blind $1
*** HOLE CARDS ***
Unipoker11: folds 
michasia: raises $1.60 to $2.60
neild72: calls $2.60
AlexPinsk1: folds 
henri789: folds 
AIien Hand: folds 
*** FLOP *** [8s 7h 2c]
michasia: checks 
neild72: checks 
*** TURN *** [8s 7h 2c] [9d]
michasia: checks 
neild72: checks 
*** RIVER *** [8s 7h 2c 9d] [Th]
michasia: checks 
neild72: checks 
*** SHOW DOWN ***
michasia: shows [Ad Qs] (high card Ace)
neild72: mucks hand 
michasia collected $6.36 from pot
*** SUMMARY ***
Total pot $6.70 | Rake $0.34 
Board [8s 7h 2c 9d Th]
Seat 1: Unipoker11 folded before Flop (didn't bet)
Seat 2: michasia showed [Ad Qs] and won ($6.36) with high card Ace
Seat 3: neild72 mucked
Seat 4: AlexPinsk1 (button) folded before Flop (didn't bet)
Seat 5: henri789 (small blind) folded before Flop
Seat 6: AIien Hand (big blind) folded before Flop



PokerStars Hand #254491934978:  Hold'em No Limit ($0.50/$1.00 USD) - 2025/01/21 23:10:54 WET [2025/01/21 18:10:54 ET]
Table 'Bohmia IV' 6-max Seat #5 is the button
Seat 1: Unipoker11 ($100 in chips) 
Seat 2: michasia ($151.80 in chips) 
Seat 3: neild72 ($16.51 in chips) 
Seat 4: AlexPinsk1 ($180.99 in chips) 
Seat 5: henri789 ($114.89 in chips) 
Seat 6: AIien Hand ($163.47 in chips) 
AIien Hand: posts small blind $0.50
Unipoker11: posts big blind $1
*** HOLE CARDS ***
michasia: folds 
neild72: raises $2 to $3
AlexPinsk1: folds 
henri789: folds 
AIien Hand: folds 
Unipoker11: folds 
Uncalled bet ($2) returned to neild72
neild72 collected $2.50 from pot
*** SUMMARY ***
Total pot $2.50 | Rake $0 
Seat 1: Unipoker11 (big blind) folded before Flop
Seat 2: michasia folded before Flop (didn't bet)
Seat 3: neild72 collected ($2.50)
Seat 4: AlexPinsk1 folded before Flop (didn't bet)
Seat 5: henri789 (button) folded before Flop (didn't bet)
Seat 6: AIien Hand (small blind) folded before Flop



PokerStars Hand #254491938761:  Hold'em No Limit ($0.50/$1.00 USD) - 2025/01/21 23:11:09 WET [2025/01/21 18:11:09 ET]
Table 'Bohmia IV' 6-max Seat #6 is the button
Seat 1: Unipoker11 ($100 in chips) 
Seat 2: michasia ($151.80 in chips) 
Seat 3: neild72 ($18.01 in chips) 
Seat 4: AlexPinsk1 ($180.99 in chips) 
Seat 5: henri789 ($114.89 in chips) 
Seat 6: AIien Hand ($162.97 in chips) 
Unipoker11: posts small blind $0.50
michasia: posts big blind $1
*** HOLE CARDS ***
neild72: raises $2 to $3
AlexPinsk1: folds 
henri789: folds 
AIien Hand: folds 
Unipoker11: folds 
michasia: folds 
Uncalled bet ($2) returned to neild72
neild72 collected $2.50 from pot
*** SUMMARY ***
Total pot $2.50 | Rake $0 
Seat 1: Unipoker11 (small blind) folded before Flop
Seat 2: michasia (big blind) folded before Flop
Seat 3: neild72 collected ($2.50)
Seat 4: AlexPinsk1 folded before Flop (didn't bet)
Seat 5: henri789 folded before Flop (didn't bet)
Seat 6: AIien Hand (button) folded before Flop (didn't bet)



PokerStars Hand #254491942613:  Hold'em No Limit ($0.50/$1.00 USD) - 2025/01/21 23:11:24 WET [2025/01/21 18:11:24 ET]
Table 'Bohmia IV' 6-max Seat #1 is the button
Seat 1: Unipoker11 ($100 in chips) 
Seat 2: michasia ($150.80 in chips) 
Seat 3: neild72 ($19.51 in chips) 
Seat 4: AlexPinsk1 ($180.99 in chips) 
Seat 5: henri789 ($114.89 in chips) 
Seat 6: AIien Hand ($162.97 in chips) 
michasia: posts small blind $0.50
neild72: posts big blind $1
*** HOLE CARDS ***
AlexPinsk1: folds 
henri789: folds 
AIien Hand: folds 
Unipoker11: folds 
michasia: folds 
Uncalled bet ($0.50) returned to neild72
neild72 collected $1 from pot
*** SUMMARY ***
Total pot $1 | Rake $0 
Seat 1: Unipoker11 (button) folded before Flop (didn't bet)
Seat 2: michasia (small blind) folded before Flop
Seat 3: neild72 (big blind) collected ($1)
Seat 4: AlexPinsk1 folded before Flop (didn't bet)
Seat 5: henri789 folded before Flop (didn't bet)
Seat 6: AIien Hand folded before Flop (didn't bet)



PokerStars Hand #254491945575:  Hold'em No Limit ($0.50/$1.00 USD) - 2025/01/21 23:11:36 WET [2025/01/21 18:11:36 ET]
Table 'Bohmia IV' 6-max Seat #2 is the button
Seat 1: Unipoker11 ($100 in chips) 
Seat 2: michasia ($150.30 in chips) 
Seat 3: neild72 ($20.01 in chips) 
Seat 4: AlexPinsk1 ($180.99 in chips) 
Seat 5: henri789 ($114.89 in chips) 
Seat 6: AIien Hand ($162.97 in chips) 
neild72: posts small blind $0.50
AlexPinsk1: posts big blind $1
*** HOLE CARDS ***
henri789: folds 
AIien Hand: raises $1.20 to $2.20
Unipoker11: folds 
michasia: folds 
neild72: calls $1.70
AlexPinsk1: folds 
*** FLOP *** [5c Qs 9h]
neild72: checks 
AIien Hand: bets $1.54
neild72: calls $1.54
*** TURN *** [5c Qs 9h] [4h]
neild72: bets $16.27 and is all-in
AIien Hand: calls $16.27
*** RIVER *** [5c Qs 9h 4h] [7h]
*** SHOW DOWN ***
neild72: shows [2c 4c] (a pair of Fours)
AIien Hand: shows [Ac As] (a pair of Aces)
AIien Hand collected $38.97 from pot
*** SUMMARY ***
Total pot $41.02 | Rake $2.05 
Board [5c Qs 9h 4h 7h]
Seat 1: Unipoker11 folded before Flop (didn't bet)
Seat 2: michasia (button) folded before Flop (didn't bet)
Seat 3: neild72 (small blind) showed [2c 4c] and lost with a pair of Fours
Seat 4: AlexPinsk1 (big blind) folded before Flop
Seat 5: henri789 folded before Flop (didn't bet)
Seat 6: AIien Hand showed [Ac As] and won ($38.97) with a pair of Aces



PokerStars Hand #254491955843:  Hold'em No Limit ($0.50/$1.00 USD) - 2025/01/21 23:12:16 WET [2025/01/21 18:12:16 ET]
Table 'Bohmia IV' 6-max Seat #4 is the button
Seat 3: neild72 ($0 in chips) is sitting out
Seat 6: AIien Hand ($181.93 in chips) is sitting out
Seat 1: Unipoker11 ($100 in chips) 
Seat 2: michasia ($150.30 in chips) 
Seat 4: AlexPinsk1 ($179.99 in chips) 
Seat 5: henri789 ($114.89 in chips) 
henri789: posts small blind $0.50
AIien Hand: is sitting out 
Unipoker11: posts big blind $1
*** HOLE CARDS ***
michasia: folds 
AlexPinsk1: raises $1.50 to $2.50
neild72 leaves the table
henri789: folds 
Unipoker11: folds 
Uncalled bet ($1.50) returned to AlexPinsk1
AIien Hand leaves the table
AlexPinsk1 collected $2.50 from pot
AlexPinsk1: doesn't show hand 
*** SUMMARY ***
Total pot $2.50 | Rake $0 
Seat 3: neild72
Seat 6: AIien Hand
Seat 1: Unipoker11 (big blind) folded before Flop
Seat 2: michasia folded before Flop (didn't bet)
Seat 4: AlexPinsk1 (button) collected ($2.50)
Seat 5: henri789 (small blind) folded before Flop



