PokerStars Hand #254491891361:  Hold'em No Limit ($0.50/$1.00 USD) - 2025/01/21 23:08:05 WET [2025/01/21 18:08:05 ET]
Table 'Yabuuti III' 6-max Seat #1 is the button
Seat 1: ImaPeppaPig ($105.53 in chips) 
Seat 4: I TAKE IT 85 ($104.97 in chips) 
ImaPeppaPig: posts small blind $0.50
I TAKE IT 85: posts big blind $1
*** HOLE CARDS ***
ImaPeppaPig: raises $1.50 to $2.50
I TAKE IT 85: folds 
Uncalled bet ($1.50) returned to ImaPeppaPig
ImaPeppaPig collected $2 from pot
ImaPeppaPig: doesn't show hand 
*** SUMMARY ***
Total pot $2 | Rake $0 
Seat 1: ImaPeppaPig (button) (small blind) collected ($2)
Seat 4: I TAKE IT 85 (big blind) folded before Flop



PokerStars Hand #254491893162:  Hold'em No Limit ($0.50/$1.00 USD) - 2025/01/21 23:08:12 WET [2025/01/21 18:08:12 ET]
Table 'Yabuuti III' 6-max Seat #4 is the button
Seat 1: ImaPeppaPig ($106.53 in chips) 
Seat 4: I TAKE IT 85 ($103.97 in chips) 
I TAKE IT 85: posts small blind $0.50
ImaPeppaPig: posts big blind $1
*** HOLE CARDS ***
I TAKE IT 85: raises $1.50 to $2.50
ImaPeppaPig: calls $1.50
*** FLOP *** [7h Jc 4d]
ImaPeppaPig: checks 
I TAKE IT 85: bets $1.80
ImaPeppaPig: raises $6.35 to $8.15
I TAKE IT 85: folds 
Uncalled bet ($6.35) returned to ImaPeppaPig
ImaPeppaPig collected $8.17 from pot
ImaPeppaPig: doesn't show hand 
*** SUMMARY ***
Total pot $8.60 | Rake $0.43 
Board [7h Jc 4d]
Seat 1: ImaPeppaPig (big blind) collected ($8.17)
Seat 4: I TAKE IT 85 (button) (small blind) folded on the Flop



PokerStars Hand #254491899656:  Hold'em No Limit ($0.50/$1.00 USD) - 2025/01/21 23:08:37 WET [2025/01/21 18:08:37 ET]
Table 'Yabuuti III' 6-max Seat #1 is the button
Seat 1: ImaPeppaPig ($110.40 in chips) 
Seat 4: I TAKE IT 85 ($100 in chips) 
ImaPeppaPig: posts small blind $0.50
I TAKE IT 85: posts big blind $1
*** HOLE CARDS ***
ImaPeppaPig: raises $1.50 to $2.50
I TAKE IT 85: folds 
Uncalled bet ($1.50) returned to ImaPeppaPig
ImaPeppaPig collected $2 from pot
ImaPeppaPig: doesn't show hand 
*** SUMMARY ***
Total pot $2 | Rake $0 
Seat 1: ImaPeppaPig (button) (small blind) collected ($2)
Seat 4: I TAKE IT 85 (big blind) folded before Flop



PokerStars Hand #254491902435:  Hold'em No Limit ($0.50/$1.00 USD) - 2025/01/21 23:08:48 WET [2025/01/21 18:08:48 ET]
Table 'Yabuuti III' 6-max Seat #4 is the button
Seat 1: ImaPeppaPig ($111.40 in chips) 
Seat 4: I TAKE IT 85 ($100 in chips) 
I TAKE IT 85: posts small blind $0.50
ImaPeppaPig: posts big blind $1
*** HOLE CARDS ***
I TAKE IT 85: raises $1.50 to $2.50
ImaPeppaPig: folds 
Uncalled bet ($1.50) returned to I TAKE IT 85
I TAKE IT 85 collected $2 from pot
I TAKE IT 85: doesn't show hand 
*** SUMMARY ***
Total pot $2 | Rake $0 
Seat 1: ImaPeppaPig (big blind) folded before Flop
Seat 4: I TAKE IT 85 (button) (small blind) collected ($2)



PokerStars Hand #254491904505:  Hold'em No Limit ($0.50/$1.00 USD) - 2025/01/21 23:08:56 WET [2025/01/21 18:08:56 ET]
Table 'Yabuuti III' 6-max Seat #1 is the button
Seat 1: ImaPeppaPig ($110.40 in chips) 
Seat 4: I TAKE IT 85 ($101 in chips) 
ImaPeppaPig: posts small blind $0.50
I TAKE IT 85: posts big blind $1
*** HOLE CARDS ***
ImaPeppaPig: raises $1.50 to $2.50
I TAKE IT 85: folds 
Uncalled bet ($1.50) returned to ImaPeppaPig
ImaPeppaPig collected $2 from pot
ImaPeppaPig: doesn't show hand 
*** SUMMARY ***
Total pot $2 | Rake $0 
Seat 1: ImaPeppaPig (button) (small blind) collected ($2)
Seat 4: I TAKE IT 85 (big blind) folded before Flop



PokerStars Hand #254491909370:  Hold'em No Limit ($0.50/$1.00 USD) - 2025/01/21 23:09:15 WET [2025/01/21 18:09:15 ET]
Table 'Yabuuti III' 6-max Seat #4 is the button
Seat 1: ImaPeppaPig ($111.40 in chips) 
Seat 4: I TAKE IT 85 ($100 in chips) 
I TAKE IT 85: posts small blind $0.50
ImaPeppaPig: posts big blind $1
*** HOLE CARDS ***
I TAKE IT 85: raises $1.50 to $2.50
ImaPeppaPig: folds 
Uncalled bet ($1.50) returned to I TAKE IT 85
I TAKE IT 85 collected $2 from pot
I TAKE IT 85: doesn't show hand 
*** SUMMARY ***
Total pot $2 | Rake $0 
Seat 1: ImaPeppaPig (big blind) folded before Flop
Seat 4: I TAKE IT 85 (button) (small blind) collected ($2)



PokerStars Hand #254491911950:  Hold'em No Limit ($0.50/$1.00 USD) - 2025/01/21 23:09:25 WET [2025/01/21 18:09:25 ET]
Table 'Yabuuti III' 6-max Seat #1 is the button
Seat 1: ImaPeppaPig ($110.40 in chips) 
Seat 4: I TAKE IT 85 ($101 in chips) 
ImaPeppaPig: posts small blind $0.50
I TAKE IT 85: posts big blind $1
*** HOLE CARDS ***
ImaPeppaPig: folds 
Uncalled bet ($0.50) returned to I TAKE IT 85
I TAKE IT 85 collected $1 from pot
I TAKE IT 85: doesn't show hand 
*** SUMMARY ***
Total pot $1 | Rake $0 
Seat 1: ImaPeppaPig (button) (small blind) folded before Flop
Seat 4: I TAKE IT 85 (big blind) collected ($1)



PokerStars Hand #254491913510:  Hold'em No Limit ($0.50/$1.00 USD) - 2025/01/21 23:09:31 WET [2025/01/21 18:09:31 ET]
Table 'Yabuuti III' 6-max Seat #4 is the button
Seat 1: ImaPeppaPig ($109.90 in chips) 
Seat 4: I TAKE IT 85 ($101.50 in chips) 
I TAKE IT 85: posts small blind $0.50
ImaPeppaPig: posts big blind $1
*** HOLE CARDS ***
I TAKE IT 85: raises $1.50 to $2.50
ImaPeppaPig: raises $9.50 to $12
I TAKE IT 85: raises $12 to $24
ImaPeppaPig: folds 
Uncalled bet ($12) returned to I TAKE IT 85
I TAKE IT 85 collected $24 from pot
I TAKE IT 85: doesn't show hand 
*** SUMMARY ***
Total pot $24 | Rake $0 
Seat 1: ImaPeppaPig (big blind) folded before Flop
Seat 4: I TAKE IT 85 (button) (small blind) collected ($24)



PokerStars Hand #254491918538:  Hold'em No Limit ($0.50/$1.00 USD) - 2025/01/21 23:09:51 WET [2025/01/21 18:09:51 ET]
Table 'Yabuuti III' 6-max Seat #1 is the button
Seat 1: ImaPeppaPig ($100 in chips) 
Seat 4: I TAKE IT 85 ($113.50 in chips) 
ImaPeppaPig: posts small blind $0.50
I TAKE IT 85: posts big blind $1
*** HOLE CARDS ***
ImaPeppaPig: raises $1.50 to $2.50
I TAKE IT 85: raises $7.50 to $10
ImaPeppaPig: folds 
Uncalled bet ($7.50) returned to I TAKE IT 85
I TAKE IT 85 collected $5 from pot
I TAKE IT 85: doesn't show hand 
*** SUMMARY ***
Total pot $5 | Rake $0 
Seat 1: ImaPeppaPig (button) (small blind) folded before Flop
Seat 4: I TAKE IT 85 (big blind) collected ($5)



PokerStars Hand #254491922793:  Hold'em No Limit ($0.50/$1.00 USD) - 2025/01/21 23:10:07 WET [2025/01/21 18:10:07 ET]
Table 'Yabuuti III' 6-max Seat #4 is the button
Seat 1: ImaPeppaPig ($100 in chips) 
Seat 4: I TAKE IT 85 ($116 in chips) 
I TAKE IT 85: posts small blind $0.50
ImaPeppaPig: posts big blind $1
*** HOLE CARDS ***
I TAKE IT 85: raises $1.50 to $2.50
ImaPeppaPig: folds 
Uncalled bet ($1.50) returned to I TAKE IT 85
I TAKE IT 85 collected $2 from pot
I TAKE IT 85: doesn't show hand 
*** SUMMARY ***
Total pot $2 | Rake $0 
Seat 1: ImaPeppaPig (big blind) folded before Flop
Seat 4: I TAKE IT 85 (button) (small blind) collected ($2)



PokerStars Hand #254491924772:  Hold'em No Limit ($0.50/$1.00 USD) - 2025/01/21 23:10:15 WET [2025/01/21 18:10:15 ET]
Table 'Yabuuti III' 6-max Seat #1 is the button
Seat 1: ImaPeppaPig ($100 in chips) 
Seat 4: I TAKE IT 85 ($117 in chips) 
ImaPeppaPig: posts small blind $0.50
I TAKE IT 85: posts big blind $1
*** HOLE CARDS ***
ImaPeppaPig: folds 
Uncalled bet ($0.50) returned to I TAKE IT 85
I TAKE IT 85 collected $1 from pot
I TAKE IT 85: doesn't show hand 
*** SUMMARY ***
Total pot $1 | Rake $0 
Seat 1: ImaPeppaPig (button) (small blind) folded before Flop
Seat 4: I TAKE IT 85 (big blind) collected ($1)



PokerStars Hand #254491926269:  Hold'em No Limit ($0.50/$1.00 USD) - 2025/01/21 23:10:21 WET [2025/01/21 18:10:21 ET]
Table 'Yabuuti III' 6-max Seat #4 is the button
Seat 1: ImaPeppaPig ($100 in chips) 
Seat 4: I TAKE IT 85 ($117.50 in chips) 
I TAKE IT 85: posts small blind $0.50
ImaPeppaPig: posts big blind $1
*** HOLE CARDS ***
I TAKE IT 85: raises $1.50 to $2.50
ImaPeppaPig: calls $1.50
*** FLOP *** [7d 6d 4h]
ImaPeppaPig: checks 
I TAKE IT 85: checks 
*** TURN *** [7d 6d 4h] [9c]
ImaPeppaPig: bets $2.47
I TAKE IT 85: raises $7.41 to $9.88
ImaPeppaPig: raises $18.63 to $28.51
I TAKE IT 85: folds 
Uncalled bet ($18.63) returned to ImaPeppaPig
ImaPeppaPig collected $23.76 from pot
ImaPeppaPig: doesn't show hand 
*** SUMMARY ***
Total pot $24.76 | Rake $1 
Board [7d 6d 4h 9c]
Seat 1: ImaPeppaPig (big blind) collected ($23.76)
Seat 4: I TAKE IT 85 (button) (small blind) folded on the Turn



PokerStars Hand #254491935940:  Hold'em No Limit ($0.50/$1.00 USD) - 2025/01/21 23:10:58 WET [2025/01/21 18:10:58 ET]
Table 'Yabuuti III' 6-max Seat #1 is the button
Seat 1: ImaPeppaPig ($111.38 in chips) 
Seat 4: I TAKE IT 85 ($105.12 in chips) 
ImaPeppaPig: posts small blind $0.50
I TAKE IT 85: posts big blind $1
*** HOLE CARDS ***
ImaPeppaPig: raises $1.50 to $2.50
I TAKE IT 85: folds 
Uncalled bet ($1.50) returned to ImaPeppaPig
ImaPeppaPig collected $2 from pot
ImaPeppaPig: doesn't show hand 
*** SUMMARY ***
Total pot $2 | Rake $0 
Seat 1: ImaPeppaPig (button) (small blind) collected ($2)
Seat 4: I TAKE IT 85 (big blind) folded before Flop



PokerStars Hand #254491938085:  Hold'em No Limit ($0.50/$1.00 USD) - 2025/01/21 23:11:07 WET [2025/01/21 18:11:07 ET]
Table 'Yabuuti III' 6-max Seat #4 is the button
Seat 1: ImaPeppaPig ($112.38 in chips) 
Seat 4: I TAKE IT 85 ($104.12 in chips) 
I TAKE IT 85: posts small blind $0.50
ImaPeppaPig: posts big blind $1
*** HOLE CARDS ***
I TAKE IT 85: folds 
Uncalled bet ($0.50) returned to ImaPeppaPig
ImaPeppaPig collected $1 from pot
ImaPeppaPig: doesn't show hand 
*** SUMMARY ***
Total pot $1 | Rake $0 
Seat 1: ImaPeppaPig (big blind) collected ($1)
Seat 4: I TAKE IT 85 (button) (small blind) folded before Flop



PokerStars Hand #254491939621:  Hold'em No Limit ($0.50/$1.00 USD) - 2025/01/21 23:11:13 WET [2025/01/21 18:11:13 ET]
Table 'Yabuuti III' 6-max Seat #1 is the button
Seat 1: ImaPeppaPig ($112.88 in chips) 
Seat 4: I TAKE IT 85 ($103.62 in chips) 
ImaPeppaPig: posts small blind $0.50
I TAKE IT 85: posts big blind $1
*** HOLE CARDS ***
ImaPeppaPig: raises $1.50 to $2.50
I TAKE IT 85: calls $1.50
*** FLOP *** [7d Ah 4h]
I TAKE IT 85: checks 
ImaPeppaPig: bets $1.47
I TAKE IT 85: raises $4.53 to $6
ImaPeppaPig: calls $4.53
*** TURN *** [7d Ah 4h] [Kh]
I TAKE IT 85: checks 
ImaPeppaPig: checks 
*** RIVER *** [7d Ah 4h Kh] [4d]
I TAKE IT 85: bets $21.16
ImaPeppaPig: folds 
Uncalled bet ($21.16) returned to I TAKE IT 85
I TAKE IT 85 collected $16.15 from pot
I TAKE IT 85: doesn't show hand 
*** SUMMARY ***
Total pot $17 | Rake $0.85 
Board [7d Ah 4h Kh 4d]
Seat 1: ImaPeppaPig (button) (small blind) folded on the River
Seat 4: I TAKE IT 85 (big blind) collected ($16.15)



PokerStars Hand #254491950541:  Hold'em No Limit ($0.50/$1.00 USD) - 2025/01/21 23:11:55 WET [2025/01/21 18:11:55 ET]
Table 'Yabuuti III' 6-max Seat #4 is the button
Seat 1: ImaPeppaPig ($104.38 in chips) 
Seat 4: I TAKE IT 85 ($111.27 in chips) 
I TAKE IT 85: posts small blind $0.50
ImaPeppaPig: posts big blind $1
*** HOLE CARDS ***
I TAKE IT 85: raises $1.50 to $2.50
ImaPeppaPig: folds 
Uncalled bet ($1.50) returned to I TAKE IT 85
I TAKE IT 85 collected $2 from pot
I TAKE IT 85: doesn't show hand 
*** SUMMARY ***
Total pot $2 | Rake $0 
Seat 1: ImaPeppaPig (big blind) folded before Flop
Seat 4: I TAKE IT 85 (button) (small blind) collected ($2)



PokerStars Hand #254491954786:  Hold'em No Limit ($0.50/$1.00 USD) - 2025/01/21 23:12:12 WET [2025/01/21 18:12:12 ET]
Table 'Yabuuti III' 6-max Seat #1 is the button
Seat 1: ImaPeppaPig ($103.38 in chips) 
Seat 4: I TAKE IT 85 ($112.27 in chips) 
ImaPeppaPig: posts small blind $0.50
I TAKE IT 85: posts big blind $1
*** HOLE CARDS ***
ImaPeppaPig: raises $1.50 to $2.50
I TAKE IT 85: raises $7.50 to $10
ImaPeppaPig: folds 
Uncalled bet ($7.50) returned to I TAKE IT 85
I TAKE IT 85 collected $5 from pot
I TAKE IT 85: doesn't show hand 
*** SUMMARY ***
Total pot $5 | Rake $0 
Seat 1: ImaPeppaPig (button) (small blind) folded before Flop
Seat 4: I TAKE IT 85 (big blind) collected ($5)



PokerStars Hand #254491957807:  Hold'em No Limit ($0.50/$1.00 USD) - 2025/01/21 23:12:23 WET [2025/01/21 18:12:23 ET]
Table 'Yabuuti III' 6-max Seat #4 is the button
Seat 1: ImaPeppaPig ($100.88 in chips) 
Seat 4: I TAKE IT 85 ($114.77 in chips) 
I TAKE IT 85: posts small blind $0.50
ImaPeppaPig: posts big blind $1
*** HOLE CARDS ***
I TAKE IT 85: folds 
Uncalled bet ($0.50) returned to ImaPeppaPig
ImaPeppaPig collected $1 from pot
ImaPeppaPig: doesn't show hand 
*** SUMMARY ***
Total pot $1 | Rake $0 
Seat 1: ImaPeppaPig (big blind) collected ($1)
Seat 4: I TAKE IT 85 (button) (small blind) folded before Flop



PokerStars Hand #254491959395:  Hold'em No Limit ($0.50/$1.00 USD) - 2025/01/21 23:12:30 WET [2025/01/21 18:12:30 ET]
Table 'Yabuuti III' 6-max Seat #1 is the button
Seat 1: ImaPeppaPig ($101.38 in chips) 
Seat 4: I TAKE IT 85 ($114.27 in chips) 
ImaPeppaPig: posts small blind $0.50
I TAKE IT 85: posts big blind $1
*** HOLE CARDS ***
ImaPeppaPig: raises $1.50 to $2.50
I TAKE IT 85: folds 
Uncalled bet ($1.50) returned to ImaPeppaPig
ImaPeppaPig collected $2 from pot
ImaPeppaPig: doesn't show hand 
*** SUMMARY ***
Total pot $2 | Rake $0 
Seat 1: ImaPeppaPig (button) (small blind) collected ($2)
Seat 4: I TAKE IT 85 (big blind) folded before Flop



PokerStars Hand #254491961476:  Hold'em No Limit ($0.50/$1.00 USD) - 2025/01/21 23:12:38 WET [2025/01/21 18:12:38 ET]
Table 'Yabuuti III' 6-max Seat #4 is the button
Seat 1: ImaPeppaPig ($102.38 in chips) 
Seat 4: I TAKE IT 85 ($113.27 in chips) 
I TAKE IT 85: posts small blind $0.50
ImaPeppaPig: posts big blind $1
*** HOLE CARDS ***
I TAKE IT 85: raises $1.50 to $2.50
ImaPeppaPig: folds 
Uncalled bet ($1.50) returned to I TAKE IT 85
I TAKE IT 85 collected $2 from pot
I TAKE IT 85: doesn't show hand 
*** SUMMARY ***
Total pot $2 | Rake $0 
Seat 1: ImaPeppaPig (big blind) folded before Flop
Seat 4: I TAKE IT 85 (button) (small blind) collected ($2)



PokerStars Hand #254491963682:  Hold'em No Limit ($0.50/$1.00 USD) - 2025/01/21 23:12:46 WET [2025/01/21 18:12:46 ET]
Table 'Yabuuti III' 6-max Seat #1 is the button
Seat 1: ImaPeppaPig ($101.38 in chips) 
Seat 4: I TAKE IT 85 ($114.27 in chips) 
ImaPeppaPig: posts small blind $0.50
I TAKE IT 85: posts big blind $1
*** HOLE CARDS ***
ImaPeppaPig: raises $1.50 to $2.50
I TAKE IT 85: calls $1.50
*** FLOP *** [Ks 4d Jd]
I TAKE IT 85: checks 
ImaPeppaPig: bets $2.47
I TAKE IT 85: calls $2.47
*** TURN *** [Ks 4d Jd] [7h]
I TAKE IT 85: checks 
ImaPeppaPig: checks 
*** RIVER *** [Ks 4d Jd 7h] [8c]
I TAKE IT 85: bets $2.83
ImaPeppaPig: folds 
Uncalled bet ($2.83) returned to I TAKE IT 85
I TAKE IT 85 collected $9.44 from pot
I TAKE IT 85: doesn't show hand 
*** SUMMARY ***
Total pot $9.94 | Rake $0.50 
Board [Ks 4d Jd 7h 8c]
Seat 1: ImaPeppaPig (button) (small blind) folded on the River
Seat 4: I TAKE IT 85 (big blind) collected ($9.44)



PokerStars Hand #254491972575:  Hold'em No Limit ($0.50/$1.00 USD) - 2025/01/21 23:13:21 WET [2025/01/21 18:13:21 ET]
Table 'Yabuuti III' 6-max Seat #4 is the button
Seat 1: ImaPeppaPig ($100 in chips) 
Seat 4: I TAKE IT 85 ($118.74 in chips) 
I TAKE IT 85: posts small blind $0.50
ImaPeppaPig: posts big blind $1
*** HOLE CARDS ***
I TAKE IT 85: raises $1.50 to $2.50
ImaPeppaPig: calls $1.50
*** FLOP *** [4c Kd 2c]
ImaPeppaPig: checks 
I TAKE IT 85: bets $1.80
ImaPeppaPig: calls $1.80
*** TURN *** [4c Kd 2c] [As]
ImaPeppaPig: checks 
I TAKE IT 85: bets $10.70
ImaPeppaPig: calls $10.70
*** RIVER *** [4c Kd 2c As] [Ad]
ImaPeppaPig: checks 
I TAKE IT 85: bets $22.91
ImaPeppaPig: calls $22.91
*** SHOW DOWN ***
I TAKE IT 85: shows [Qs 5d] (a pair of Aces)
ImaPeppaPig: shows [9c Ah] (three of a kind, Aces)
ImaPeppaPig collected $74.82 from pot
*** SUMMARY ***
Total pot $75.82 | Rake $1 
Board [4c Kd 2c As Ad]
Seat 1: ImaPeppaPig (big blind) showed [9c Ah] and won ($74.82) with three of a kind, Aces
Seat 4: I TAKE IT 85 (button) (small blind) showed [Qs 5d] and lost with a pair of Aces



PokerStars Hand #254491985385:  Hold'em No Limit ($0.50/$1.00 USD) - 2025/01/21 23:14:11 WET [2025/01/21 18:14:11 ET]
Table 'Yabuuti III' 6-max Seat #1 is the button
Seat 1: ImaPeppaPig ($136.91 in chips) 
Seat 4: I TAKE IT 85 ($100 in chips) 
ImaPeppaPig: posts small blind $0.50
I TAKE IT 85: posts big blind $1
*** HOLE CARDS ***
ImaPeppaPig: raises $1.50 to $2.50
I TAKE IT 85: raises $7.50 to $10
ImaPeppaPig: folds 
Uncalled bet ($7.50) returned to I TAKE IT 85
I TAKE IT 85 collected $5 from pot
I TAKE IT 85: doesn't show hand 
*** SUMMARY ***
Total pot $5 | Rake $0 
Seat 1: ImaPeppaPig (button) (small blind) folded before Flop
Seat 4: I TAKE IT 85 (big blind) collected ($5)



PokerStars Hand #254491988476:  Hold'em No Limit ($0.50/$1.00 USD) - 2025/01/21 23:14:23 WET [2025/01/21 18:14:23 ET]
Table 'Yabuuti III' 6-max Seat #4 is the button
Seat 1: ImaPeppaPig ($134.41 in chips) 
Seat 4: I TAKE IT 85 ($102.50 in chips) 
I TAKE IT 85: posts small blind $0.50
ImaPeppaPig: posts big blind $1
*** HOLE CARDS ***
I TAKE IT 85: raises $1.50 to $2.50
ImaPeppaPig: folds 
Uncalled bet ($1.50) returned to I TAKE IT 85
I TAKE IT 85 collected $2 from pot
I TAKE IT 85: doesn't show hand 
*** SUMMARY ***
Total pot $2 | Rake $0 
Seat 1: ImaPeppaPig (big blind) folded before Flop
Seat 4: I TAKE IT 85 (button) (small blind) collected ($2)



PokerStars Hand #254491990781:  Hold'em No Limit ($0.50/$1.00 USD) - 2025/01/21 23:14:32 WET [2025/01/21 18:14:32 ET]
Table 'Yabuuti III' 6-max Seat #1 is the button
Seat 1: ImaPeppaPig ($133.41 in chips) 
Seat 4: I TAKE IT 85 ($103.50 in chips) 
ImaPeppaPig: posts small blind $0.50
I TAKE IT 85: posts big blind $1
*** HOLE CARDS ***
ImaPeppaPig: folds 
Uncalled bet ($0.50) returned to I TAKE IT 85
I TAKE IT 85 collected $1 from pot
I TAKE IT 85: doesn't show hand 
*** SUMMARY ***
Total pot $1 | Rake $0 
Seat 1: ImaPeppaPig (button) (small blind) folded before Flop
Seat 4: I TAKE IT 85 (big blind) collected ($1)



PokerStars Hand #254491992686:  Hold'em No Limit ($0.50/$1.00 USD) - 2025/01/21 23:14:40 WET [2025/01/21 18:14:40 ET]
Table 'Yabuuti III' 6-max Seat #4 is the button
Seat 1: ImaPeppaPig ($132.91 in chips) 
Seat 4: I TAKE IT 85 ($104 in chips) 
I TAKE IT 85: posts small blind $0.50
ImaPeppaPig: posts big blind $1
*** HOLE CARDS ***
I TAKE IT 85: raises $1.50 to $2.50
ImaPeppaPig: folds 
Uncalled bet ($1.50) returned to I TAKE IT 85
I TAKE IT 85 collected $2 from pot
I TAKE IT 85: doesn't show hand 
*** SUMMARY ***
Total pot $2 | Rake $0 
Seat 1: ImaPeppaPig (big blind) folded before Flop
Seat 4: I TAKE IT 85 (button) (small blind) collected ($2)



PokerStars Hand #254491994578:  Hold'em No Limit ($0.50/$1.00 USD) - 2025/01/21 23:14:48 WET [2025/01/21 18:14:48 ET]
Table 'Yabuuti III' 6-max Seat #1 is the button
Seat 1: ImaPeppaPig ($131.91 in chips) 
Seat 4: I TAKE IT 85 ($105 in chips) 
ImaPeppaPig: posts small blind $0.50
I TAKE IT 85: posts big blind $1
*** HOLE CARDS ***
ImaPeppaPig: raises $1.50 to $2.50
I TAKE IT 85: calls $1.50
*** FLOP *** [8s 6d Jd]
I TAKE IT 85: checks 
ImaPeppaPig: checks 
*** TURN *** [8s 6d Jd] [8h]
I TAKE IT 85: bets $1.80
ImaPeppaPig: folds 
Uncalled bet ($1.80) returned to I TAKE IT 85
I TAKE IT 85 collected $4.75 from pot
I TAKE IT 85: doesn't show hand 
*** SUMMARY ***
Total pot $5 | Rake $0.25 
Board [8s 6d Jd 8h]
Seat 1: ImaPeppaPig (button) (small blind) folded on the Turn
Seat 4: I TAKE IT 85 (big blind) collected ($4.75)



PokerStars Hand #254492001982:  Hold'em No Limit ($0.50/$1.00 USD) - 2025/01/21 23:15:17 WET [2025/01/21 18:15:17 ET]
Table 'Yabuuti III' 6-max Seat #4 is the button
Seat 1: ImaPeppaPig ($129.41 in chips) 
Seat 4: I TAKE IT 85 ($107.25 in chips) 
I TAKE IT 85: posts small blind $0.50
ImaPeppaPig: posts big blind $1
*** HOLE CARDS ***
I TAKE IT 85: folds 
Uncalled bet ($0.50) returned to ImaPeppaPig
ImaPeppaPig collected $1 from pot
ImaPeppaPig: doesn't show hand 
*** SUMMARY ***
Total pot $1 | Rake $0 
Seat 1: ImaPeppaPig (big blind) collected ($1)
Seat 4: I TAKE IT 85 (button) (small blind) folded before Flop



PokerStars Hand #254492003483:  Hold'em No Limit ($0.50/$1.00 USD) - 2025/01/21 23:15:23 WET [2025/01/21 18:15:23 ET]
Table 'Yabuuti III' 6-max Seat #1 is the button
Seat 1: ImaPeppaPig ($129.91 in chips) 
Seat 4: I TAKE IT 85 ($106.75 in chips) 
ImaPeppaPig: posts small blind $0.50
I TAKE IT 85: posts big blind $1
*** HOLE CARDS ***
ImaPeppaPig: folds 
Uncalled bet ($0.50) returned to I TAKE IT 85
I TAKE IT 85 collected $1 from pot
I TAKE IT 85: doesn't show hand 
*** SUMMARY ***
Total pot $1 | Rake $0 
Seat 1: ImaPeppaPig (button) (small blind) folded before Flop
Seat 4: I TAKE IT 85 (big blind) collected ($1)



PokerStars Hand #254492004911:  Hold'em No Limit ($0.50/$1.00 USD) - 2025/01/21 23:15:28 WET [2025/01/21 18:15:28 ET]
Table 'Yabuuti III' 6-max Seat #4 is the button
Seat 1: ImaPeppaPig ($129.41 in chips) 
Seat 4: I TAKE IT 85 ($107.25 in chips) 
I TAKE IT 85: posts small blind $0.50
ImaPeppaPig: posts big blind $1
*** HOLE CARDS ***
I TAKE IT 85: raises $1.50 to $2.50
ImaPeppaPig: calls $1.50
*** FLOP *** [7s 5h 5s]
ImaPeppaPig: checks 
I TAKE IT 85: checks 
*** TURN *** [7s 5h 5s] [Kd]
ImaPeppaPig: checks 
I TAKE IT 85: bets $1.80
ImaPeppaPig: folds 
Uncalled bet ($1.80) returned to I TAKE IT 85
I TAKE IT 85 collected $4.75 from pot
I TAKE IT 85: doesn't show hand 
*** SUMMARY ***
Total pot $5 | Rake $0.25 
Board [7s 5h 5s Kd]
Seat 1: ImaPeppaPig (big blind) folded on the Turn
Seat 4: I TAKE IT 85 (button) (small blind) collected ($4.75)



PokerStars Hand #254492010829:  Hold'em No Limit ($0.50/$1.00 USD) - 2025/01/21 23:15:51 WET [2025/01/21 18:15:51 ET]
Table 'Yabuuti III' 6-max Seat #1 is the button
Seat 1: ImaPeppaPig ($126.91 in chips) 
Seat 4: I TAKE IT 85 ($109.50 in chips) 
ImaPeppaPig: posts small blind $0.50
I TAKE IT 85: posts big blind $1
*** HOLE CARDS ***
ImaPeppaPig: folds 
Uncalled bet ($0.50) returned to I TAKE IT 85
I TAKE IT 85 collected $1 from pot
I TAKE IT 85: doesn't show hand 
*** SUMMARY ***
Total pot $1 | Rake $0 
Seat 1: ImaPeppaPig (button) (small blind) folded before Flop
Seat 4: I TAKE IT 85 (big blind) collected ($1)



PokerStars Hand #254492012339:  Hold'em No Limit ($0.50/$1.00 USD) - 2025/01/21 23:15:57 WET [2025/01/21 18:15:57 ET]
Table 'Yabuuti III' 6-max Seat #4 is the button
Seat 1: ImaPeppaPig ($126.41 in chips) 
Seat 4: I TAKE IT 85 ($110 in chips) 
I TAKE IT 85: posts small blind $0.50
ImaPeppaPig: posts big blind $1
*** HOLE CARDS ***
I TAKE IT 85: raises $1.50 to $2.50
ImaPeppaPig: folds 
Uncalled bet ($1.50) returned to I TAKE IT 85
I TAKE IT 85 collected $2 from pot
I TAKE IT 85: doesn't show hand 
*** SUMMARY ***
Total pot $2 | Rake $0 
Seat 1: ImaPeppaPig (big blind) folded before Flop
Seat 4: I TAKE IT 85 (button) (small blind) collected ($2)



PokerStars Hand #254492014655:  Hold'em No Limit ($0.50/$1.00 USD) - 2025/01/21 23:16:06 WET [2025/01/21 18:16:06 ET]
Table 'Yabuuti III' 6-max Seat #1 is the button
Seat 1: ImaPeppaPig ($125.41 in chips) 
Seat 4: I TAKE IT 85 ($111 in chips) 
ImaPeppaPig: posts small blind $0.50
I TAKE IT 85: posts big blind $1
*** HOLE CARDS ***
ImaPeppaPig: raises $1.50 to $2.50
I TAKE IT 85: raises $7.50 to $10
ImaPeppaPig: calls $7.50
*** FLOP *** [4c 4d Ac]
I TAKE IT 85: bets $4.75
ImaPeppaPig: calls $4.75
*** TURN *** [4c 4d Ac] [2d]
I TAKE IT 85: checks 
ImaPeppaPig: checks 
*** RIVER *** [4c 4d Ac 2d] [As]
I TAKE IT 85: checks 
ImaPeppaPig: checks 
*** SHOW DOWN ***
I TAKE IT 85: shows [Ks 7s] (two pair, Aces and Fours)
ImaPeppaPig: shows [Qd Kc] (two pair, Aces and Fours)
I TAKE IT 85 collected $14.25 from pot
ImaPeppaPig collected $14.25 from pot
*** SUMMARY ***
Total pot $29.50 | Rake $1 
Board [4c 4d Ac 2d As]
Seat 1: ImaPeppaPig (button) (small blind) showed [Qd Kc] and won ($14.25) with two pair, Aces and Fours
Seat 4: I TAKE IT 85 (big blind) showed [Ks 7s] and won ($14.25) with two pair, Aces and Fours



PokerStars Hand #254492032359:  Hold'em No Limit ($0.50/$1.00 USD) - 2025/01/21 23:17:17 WET [2025/01/21 18:17:17 ET]
Table 'Yabuuti III' 6-max Seat #4 is the button
Seat 1: ImaPeppaPig ($124.91 in chips) 
Seat 4: I TAKE IT 85 ($110.50 in chips) 
I TAKE IT 85: posts small blind $0.50
ImaPeppaPig: posts big blind $1
*** HOLE CARDS ***
I TAKE IT 85: raises $1.50 to $2.50
ImaPeppaPig: calls $1.50
*** FLOP *** [Ts 2s 5d]
ImaPeppaPig: checks 
I TAKE IT 85: bets $1.80
ImaPeppaPig: raises $4.34 to $6.14
I TAKE IT 85: folds 
Uncalled bet ($4.34) returned to ImaPeppaPig
ImaPeppaPig collected $8.17 from pot
ImaPeppaPig: doesn't show hand 
*** SUMMARY ***
Total pot $8.60 | Rake $0.43 
Board [Ts 2s 5d]
Seat 1: ImaPeppaPig (big blind) collected ($8.17)
Seat 4: I TAKE IT 85 (button) (small blind) folded on the Flop



PokerStars Hand #254492038235:  Hold'em No Limit ($0.50/$1.00 USD) - 2025/01/21 23:17:40 WET [2025/01/21 18:17:40 ET]
Table 'Yabuuti III' 6-max Seat #1 is the button
Seat 1: ImaPeppaPig ($128.78 in chips) 
Seat 4: I TAKE IT 85 ($106.20 in chips) 
ImaPeppaPig: posts small blind $0.50
I TAKE IT 85: posts big blind $1
*** HOLE CARDS ***
ImaPeppaPig: folds 
Uncalled bet ($0.50) returned to I TAKE IT 85
I TAKE IT 85 collected $1 from pot
I TAKE IT 85: doesn't show hand 
*** SUMMARY ***
Total pot $1 | Rake $0 
Seat 1: ImaPeppaPig (button) (small blind) folded before Flop
Seat 4: I TAKE IT 85 (big blind) collected ($1)



PokerStars Hand #254492039707:  Hold'em No Limit ($0.50/$1.00 USD) - 2025/01/21 23:17:46 WET [2025/01/21 18:17:46 ET]
Table 'Yabuuti III' 6-max Seat #4 is the button
Seat 1: ImaPeppaPig ($128.28 in chips) 
Seat 4: I TAKE IT 85 ($106.70 in chips) 
I TAKE IT 85: posts small blind $0.50
ImaPeppaPig: posts big blind $1
*** HOLE CARDS ***
I TAKE IT 85: raises $1.50 to $2.50
ImaPeppaPig: raises $9.50 to $12
I TAKE IT 85: folds 
Uncalled bet ($9.50) returned to ImaPeppaPig
ImaPeppaPig collected $5 from pot
ImaPeppaPig: doesn't show hand 
*** SUMMARY ***
Total pot $5 | Rake $0 
Seat 1: ImaPeppaPig (big blind) collected ($5)
Seat 4: I TAKE IT 85 (button) (small blind) folded before Flop



PokerStars Hand #254492043057:  Hold'em No Limit ($0.50/$1.00 USD) - 2025/01/21 23:17:59 WET [2025/01/21 18:17:59 ET]
Table 'Yabuuti III' 6-max Seat #1 is the button
Seat 1: ImaPeppaPig ($130.78 in chips) 
Seat 4: I TAKE IT 85 ($104.20 in chips) 
ImaPeppaPig: posts small blind $0.50
I TAKE IT 85: posts big blind $1
*** HOLE CARDS ***
ImaPeppaPig: folds 
Uncalled bet ($0.50) returned to I TAKE IT 85
I TAKE IT 85 collected $1 from pot
I TAKE IT 85: doesn't show hand 
*** SUMMARY ***
Total pot $1 | Rake $0 
Seat 1: ImaPeppaPig (button) (small blind) folded before Flop
Seat 4: I TAKE IT 85 (big blind) collected ($1)



PokerStars Hand #254492044714:  Hold'em No Limit ($0.50/$1.00 USD) - 2025/01/21 23:18:06 WET [2025/01/21 18:18:06 ET]
Table 'Yabuuti III' 6-max Seat #4 is the button
Seat 1: ImaPeppaPig ($130.28 in chips) 
Seat 4: I TAKE IT 85 ($104.70 in chips) 
I TAKE IT 85: posts small blind $0.50
ImaPeppaPig: posts big blind $1
*** HOLE CARDS ***
I TAKE IT 85: raises $1.50 to $2.50
ImaPeppaPig: calls $1.50
*** FLOP *** [8s 2d 6h]
ImaPeppaPig: checks 
I TAKE IT 85: checks 
*** TURN *** [8s 2d 6h] [Js]
ImaPeppaPig: checks 
I TAKE IT 85: checks 
*** RIVER *** [8s 2d 6h Js] [4h]
ImaPeppaPig: bets $6.08
I TAKE IT 85: folds 
Uncalled bet ($6.08) returned to ImaPeppaPig
ImaPeppaPig collected $4.75 from pot
ImaPeppaPig: doesn't show hand 
*** SUMMARY ***
Total pot $5 | Rake $0.25 
Board [8s 2d 6h Js 4h]
Seat 1: ImaPeppaPig (big blind) collected ($4.75)
Seat 4: I TAKE IT 85 (button) (small blind) folded on the River



PokerStars Hand #254492053700:  Hold'em No Limit ($0.50/$1.00 USD) - 2025/01/21 23:18:42 WET [2025/01/21 18:18:42 ET]
Table 'Yabuuti III' 6-max Seat #1 is the button
Seat 1: ImaPeppaPig ($132.53 in chips) 
Seat 4: I TAKE IT 85 ($102.20 in chips) 
ImaPeppaPig: posts small blind $0.50
I TAKE IT 85: posts big blind $1
*** HOLE CARDS ***
ImaPeppaPig: raises $1.50 to $2.50
I TAKE IT 85: folds 
Uncalled bet ($1.50) returned to ImaPeppaPig
ImaPeppaPig collected $2 from pot
ImaPeppaPig: doesn't show hand 
*** SUMMARY ***
Total pot $2 | Rake $0 
Seat 1: ImaPeppaPig (button) (small blind) collected ($2)
Seat 4: I TAKE IT 85 (big blind) folded before Flop



PokerStars Hand #254492055579:  Hold'em No Limit ($0.50/$1.00 USD) - 2025/01/21 23:18:49 WET [2025/01/21 18:18:49 ET]
Table 'Yabuuti III' 6-max Seat #4 is the button
Seat 1: ImaPeppaPig ($133.53 in chips) 
Seat 4: I TAKE IT 85 ($101.20 in chips) 
I TAKE IT 85: posts small blind $0.50
ImaPeppaPig: posts big blind $1
*** HOLE CARDS ***
I TAKE IT 85: raises $1.50 to $2.50
ImaPeppaPig: calls $1.50
*** FLOP *** [7d Tc 8h]
ImaPeppaPig: checks 
I TAKE IT 85: checks 
*** TURN *** [7d Tc 8h] [6s]
ImaPeppaPig: checks 
I TAKE IT 85: checks 
*** RIVER *** [7d Tc 8h 6s] [7s]
ImaPeppaPig: bets $2.47
I TAKE IT 85: folds 
Uncalled bet ($2.47) returned to ImaPeppaPig
ImaPeppaPig collected $4.75 from pot
ImaPeppaPig: doesn't show hand 
*** SUMMARY ***
Total pot $5 | Rake $0.25 
Board [7d Tc 8h 6s 7s]
Seat 1: ImaPeppaPig (big blind) collected ($4.75)
Seat 4: I TAKE IT 85 (button) (small blind) folded on the River



PokerStars Hand #254492064054:  Hold'em No Limit ($0.50/$1.00 USD) - 2025/01/21 23:19:23 WET [2025/01/21 18:19:23 ET]
Table 'Yabuuti III' 6-max Seat #1 is the button
Seat 1: ImaPeppaPig ($135.78 in chips) 
Seat 4: I TAKE IT 85 ($100 in chips) 
ImaPeppaPig: posts small blind $0.50
I TAKE IT 85: posts big blind $1
*** HOLE CARDS ***
ImaPeppaPig: raises $1.50 to $2.50
I TAKE IT 85: folds 
Uncalled bet ($1.50) returned to ImaPeppaPig
ImaPeppaPig collected $2 from pot
ImaPeppaPig: doesn't show hand 
*** SUMMARY ***
Total pot $2 | Rake $0 
Seat 1: ImaPeppaPig (button) (small blind) collected ($2)
Seat 4: I TAKE IT 85 (big blind) folded before Flop



PokerStars Hand #254492066273:  Hold'em No Limit ($0.50/$1.00 USD) - 2025/01/21 23:19:32 WET [2025/01/21 18:19:32 ET]
Table 'Yabuuti III' 6-max Seat #4 is the button
Seat 1: ImaPeppaPig ($136.78 in chips) 
Seat 4: I TAKE IT 85 ($100 in chips) 
I TAKE IT 85: posts small blind $0.50
ImaPeppaPig: posts big blind $1
*** HOLE CARDS ***
I TAKE IT 85: raises $1.50 to $2.50
ImaPeppaPig: folds 
Uncalled bet ($1.50) returned to I TAKE IT 85
I TAKE IT 85 collected $2 from pot
I TAKE IT 85: doesn't show hand 
*** SUMMARY ***
Total pot $2 | Rake $0 
Seat 1: ImaPeppaPig (big blind) folded before Flop
Seat 4: I TAKE IT 85 (button) (small blind) collected ($2)



PokerStars Hand #254492068637:  Hold'em No Limit ($0.50/$1.00 USD) - 2025/01/21 23:19:41 WET [2025/01/21 18:19:41 ET]
Table 'Yabuuti III' 6-max Seat #1 is the button
Seat 1: ImaPeppaPig ($135.78 in chips) 
Seat 4: I TAKE IT 85 ($101 in chips) 
ImaPeppaPig: posts small blind $0.50
I TAKE IT 85: posts big blind $1
*** HOLE CARDS ***
ImaPeppaPig: folds 
Uncalled bet ($0.50) returned to I TAKE IT 85
I TAKE IT 85 collected $1 from pot
I TAKE IT 85: doesn't show hand 
*** SUMMARY ***
Total pot $1 | Rake $0 
Seat 1: ImaPeppaPig (button) (small blind) folded before Flop
Seat 4: I TAKE IT 85 (big blind) collected ($1)



PokerStars Hand #254492070018:  Hold'em No Limit ($0.50/$1.00 USD) - 2025/01/21 23:19:47 WET [2025/01/21 18:19:47 ET]
Table 'Yabuuti III' 6-max Seat #4 is the button
Seat 1: ImaPeppaPig ($135.28 in chips) 
Seat 4: I TAKE IT 85 ($101.50 in chips) 
I TAKE IT 85: posts small blind $0.50
ImaPeppaPig: posts big blind $1
*** HOLE CARDS ***
I TAKE IT 85: raises $1.50 to $2.50
ImaPeppaPig: folds 
Uncalled bet ($1.50) returned to I TAKE IT 85
I TAKE IT 85 collected $2 from pot
I TAKE IT 85: doesn't show hand 
*** SUMMARY ***
Total pot $2 | Rake $0 
Seat 1: ImaPeppaPig (big blind) folded before Flop
Seat 4: I TAKE IT 85 (button) (small blind) collected ($2)



PokerStars Hand #254492071993:  Hold'em No Limit ($0.50/$1.00 USD) - 2025/01/21 23:19:55 WET [2025/01/21 18:19:55 ET]
Table 'Yabuuti III' 6-max Seat #1 is the button
Seat 1: ImaPeppaPig ($134.28 in chips) 
Seat 4: I TAKE IT 85 ($102.50 in chips) 
ImaPeppaPig: posts small blind $0.50
I TAKE IT 85: posts big blind $1
*** HOLE CARDS ***
ImaPeppaPig: folds 
Uncalled bet ($0.50) returned to I TAKE IT 85
I TAKE IT 85 collected $1 from pot
I TAKE IT 85: doesn't show hand 
*** SUMMARY ***
Total pot $1 | Rake $0 
Seat 1: ImaPeppaPig (button) (small blind) folded before Flop
Seat 4: I TAKE IT 85 (big blind) collected ($1)



PokerStars Hand #254492073408:  Hold'em No Limit ($0.50/$1.00 USD) - 2025/01/21 23:20:01 WET [2025/01/21 18:20:01 ET]
Table 'Yabuuti III' 6-max Seat #4 is the button
Seat 1: ImaPeppaPig ($133.78 in chips) 
Seat 4: I TAKE IT 85 ($103 in chips) 
I TAKE IT 85: posts small blind $0.50
ImaPeppaPig: posts big blind $1
*** HOLE CARDS ***
I TAKE IT 85: raises $1.50 to $2.50
ImaPeppaPig: raises $9.50 to $12
I TAKE IT 85: folds 
Uncalled bet ($9.50) returned to ImaPeppaPig
ImaPeppaPig collected $5 from pot
ImaPeppaPig: doesn't show hand 
*** SUMMARY ***
Total pot $5 | Rake $0 
Seat 1: ImaPeppaPig (big blind) collected ($5)
Seat 4: I TAKE IT 85 (button) (small blind) folded before Flop



PokerStars Hand #254492077506:  Hold'em No Limit ($0.50/$1.00 USD) - 2025/01/21 23:20:17 WET [2025/01/21 18:20:17 ET]
Table 'Yabuuti III' 6-max Seat #1 is the button
Seat 1: ImaPeppaPig ($136.28 in chips) 
Seat 4: I TAKE IT 85 ($100.50 in chips) 
ImaPeppaPig: posts small blind $0.50
I TAKE IT 85: posts big blind $1
*** HOLE CARDS ***
ImaPeppaPig: folds 
Uncalled bet ($0.50) returned to I TAKE IT 85
I TAKE IT 85 collected $1 from pot
I TAKE IT 85: doesn't show hand 
*** SUMMARY ***
Total pot $1 | Rake $0 
Seat 1: ImaPeppaPig (button) (small blind) folded before Flop
Seat 4: I TAKE IT 85 (big blind) collected ($1)



PokerStars Hand #254492078976:  Hold'em No Limit ($0.50/$1.00 USD) - 2025/01/21 23:20:23 WET [2025/01/21 18:20:23 ET]
Table 'Yabuuti III' 6-max Seat #4 is the button
Seat 1: ImaPeppaPig ($135.78 in chips) 
Seat 4: I TAKE IT 85 ($101 in chips) 
I TAKE IT 85: posts small blind $0.50
ImaPeppaPig: posts big blind $1
*** HOLE CARDS ***
I TAKE IT 85: raises $1.50 to $2.50
ImaPeppaPig: calls $1.50
*** FLOP *** [9d 8s 4d]
ImaPeppaPig: checks 
I TAKE IT 85: bets $3.75
ImaPeppaPig: calls $3.75
*** TURN *** [9d 8s 4d] [9c]
ImaPeppaPig: bets $2.68
I TAKE IT 85: calls $2.68
*** RIVER *** [9d 8s 4d 9c] [6c]
ImaPeppaPig: bets $4.26
I TAKE IT 85: folds 
Uncalled bet ($4.26) returned to ImaPeppaPig
ImaPeppaPig collected $16.97 from pot
ImaPeppaPig: doesn't show hand 
*** SUMMARY ***
Total pot $17.86 | Rake $0.89 
Board [9d 8s 4d 9c 6c]
Seat 1: ImaPeppaPig (big blind) collected ($16.97)
Seat 4: I TAKE IT 85 (button) (small blind) folded on the River



PokerStars Hand #254492088403:  Hold'em No Limit ($0.50/$1.00 USD) - 2025/01/21 23:21:00 WET [2025/01/21 18:21:00 ET]
Table 'Yabuuti III' 6-max Seat #1 is the button
Seat 1: ImaPeppaPig ($143.82 in chips) 
Seat 4: I TAKE IT 85 ($100 in chips) 
ImaPeppaPig: posts small blind $0.50
I TAKE IT 85: posts big blind $1
*** HOLE CARDS ***
ImaPeppaPig: raises $1.50 to $2.50
I TAKE IT 85: raises $7.50 to $10
ImaPeppaPig: raises $13 to $23
I TAKE IT 85: folds 
Uncalled bet ($13) returned to ImaPeppaPig
ImaPeppaPig collected $20 from pot
ImaPeppaPig: doesn't show hand 
*** SUMMARY ***
Total pot $20 | Rake $0 
Seat 1: ImaPeppaPig (button) (small blind) collected ($20)
Seat 4: I TAKE IT 85 (big blind) folded before Flop



PokerStars Hand #254492094498:  Hold'em No Limit ($0.50/$1.00 USD) - 2025/01/21 23:21:25 WET [2025/01/21 18:21:25 ET]
Table 'Yabuuti III' 6-max Seat #4 is the button
Seat 1: ImaPeppaPig ($153.82 in chips) 
Seat 4: I TAKE IT 85 ($100 in chips) 
I TAKE IT 85: posts small blind $0.50
ImaPeppaPig: posts big blind $1
*** HOLE CARDS ***
I TAKE IT 85: raises $1.50 to $2.50
ImaPeppaPig: folds 
Uncalled bet ($1.50) returned to I TAKE IT 85
I TAKE IT 85 collected $2 from pot
I TAKE IT 85: doesn't show hand 
*** SUMMARY ***
Total pot $2 | Rake $0 
Seat 1: ImaPeppaPig (big blind) folded before Flop
Seat 4: I TAKE IT 85 (button) (small blind) collected ($2)



PokerStars Hand #254492096705:  Hold'em No Limit ($0.50/$1.00 USD) - 2025/01/21 23:21:34 WET [2025/01/21 18:21:34 ET]
Table 'Yabuuti III' 6-max Seat #1 is the button
Seat 1: ImaPeppaPig ($152.82 in chips) 
Seat 4: I TAKE IT 85 ($101 in chips) 
ImaPeppaPig: posts small blind $0.50
I TAKE IT 85: posts big blind $1
*** HOLE CARDS ***
ImaPeppaPig: raises $1.50 to $2.50
I TAKE IT 85: calls $1.50
*** FLOP *** [8h 5h 3c]
I TAKE IT 85: checks 
ImaPeppaPig: bets $3.61
I TAKE IT 85: raises $6.89 to $10.50
ImaPeppaPig: calls $6.89
*** TURN *** [8h 5h 3c] [8d]
I TAKE IT 85: bets $9.50
ImaPeppaPig: calls $9.50
*** RIVER *** [8h 5h 3c 8d] [Qs]
I TAKE IT 85: checks 
ImaPeppaPig: checks 
*** SHOW DOWN ***
I TAKE IT 85: shows [Js 3s] (two pair, Eights and Threes)
ImaPeppaPig: shows [2d 5d] (two pair, Eights and Fives)
ImaPeppaPig collected $44 from pot
*** SUMMARY ***
Total pot $45 | Rake $1 
Board [8h 5h 3c 8d Qs]
Seat 1: ImaPeppaPig (button) (small blind) showed [2d 5d] and won ($44) with two pair, Eights and Fives
Seat 4: I TAKE IT 85 (big blind) showed [Js 3s] and lost with two pair, Eights and Threes



PokerStars Hand #254492108117:  Hold'em No Limit ($0.50/$1.00 USD) - 2025/01/21 23:22:19 WET [2025/01/21 18:22:19 ET]
Table 'Yabuuti III' 6-max Seat #4 is the button
Seat 1: ImaPeppaPig ($174.32 in chips) 
Seat 4: I TAKE IT 85 ($100 in chips) 
I TAKE IT 85: posts small blind $0.50
ImaPeppaPig: posts big blind $1
*** HOLE CARDS ***
I TAKE IT 85: raises $1.50 to $2.50
ImaPeppaPig: calls $1.50
*** FLOP *** [Kh Tc 8c]
ImaPeppaPig: checks 
I TAKE IT 85: bets $1.80
ImaPeppaPig: raises $6.35 to $8.15
Espada Fish joins the table at seat #5 
malsta1982 joins the table at seat #3 
malsta1982 is disconnected 
Espada Fish leaves the table
I TAKE IT 85: folds 
Uncalled bet ($6.35) returned to ImaPeppaPig
ImaPeppaPig collected $8.17 from pot
ImaPeppaPig: doesn't show hand 
*** SUMMARY ***
Total pot $8.60 | Rake $0.43 
Board [Kh Tc 8c]
Seat 1: ImaPeppaPig (big blind) collected ($8.17)
Seat 4: I TAKE IT 85 (button) (small blind) folded on the Flop



PokerStars Hand #254492115056:  Hold'em No Limit ($0.50/$1.00 USD) - 2025/01/21 23:22:47 WET [2025/01/21 18:22:47 ET]
Table 'Yabuuti III' 6-max Seat #4 is the button
Seat 1: ImaPeppaPig ($178.19 in chips) 
Seat 3: malsta1982 ($100 in chips) 
Seat 4: I TAKE IT 85 ($100 in chips) 
ImaPeppaPig: posts small blind $0.50
malsta1982: posts big blind $1
*** HOLE CARDS ***
I TAKE IT 85: raises $1.05 to $2.05
ImaPeppaPig: folds 
malsta1982: calls $1.05
*** FLOP *** [Ac Kd Jc]
malsta1982: checks 
I TAKE IT 85: bets $1.66
malsta1982: calls $1.66
*** TURN *** [Ac Kd Jc] [3d]
malsta1982: checks 
I TAKE IT 85: bets $7.90
malsta1982: folds 
Uncalled bet ($7.90) returned to I TAKE IT 85
I TAKE IT 85 collected $7.52 from pot
I TAKE IT 85: doesn't show hand 
*** SUMMARY ***
Total pot $7.92 | Rake $0.40 
Board [Ac Kd Jc 3d]
Seat 1: ImaPeppaPig (small blind) folded before Flop
Seat 3: malsta1982 (big blind) folded on the Turn
Seat 4: I TAKE IT 85 (button) collected ($7.52)



PokerStars Hand #254492126737:  Hold'em No Limit ($0.50/$1.00 USD) - 2025/01/21 23:23:33 WET [2025/01/21 18:23:33 ET]
Table 'Yabuuti III' 6-max Seat #1 is the button
Seat 1: ImaPeppaPig ($177.69 in chips) 
Seat 3: malsta1982 ($96.29 in chips) 
Seat 4: I TAKE IT 85 ($103.81 in chips) 
malsta1982: posts small blind $0.50
I TAKE IT 85: posts big blind $1
*** HOLE CARDS ***
ImaPeppaPig: folds 
malsta1982: folds 
Uncalled bet ($0.50) returned to I TAKE IT 85
I TAKE IT 85 collected $1 from pot
I TAKE IT 85: doesn't show hand 
*** SUMMARY ***
Total pot $1 | Rake $0 
Seat 1: ImaPeppaPig (button) folded before Flop (didn't bet)
Seat 3: malsta1982 (small blind) folded before Flop
Seat 4: I TAKE IT 85 (big blind) collected ($1)



PokerStars Hand #254492128448:  Hold'em No Limit ($0.50/$1.00 USD) - 2025/01/21 23:23:40 WET [2025/01/21 18:23:40 ET]
Table 'Yabuuti III' 6-max Seat #3 is the button
Seat 1: ImaPeppaPig ($177.69 in chips) 
Seat 3: malsta1982 ($95.79 in chips) 
Seat 4: I TAKE IT 85 ($104.31 in chips) 
I TAKE IT 85: posts small blind $0.50
ImaPeppaPig: posts big blind $1
*** HOLE CARDS ***
Espada Fish joins the table at seat #6 
BGS013 joins the table at seat #5 
malsta1982: folds 
I TAKE IT 85: folds 
Uncalled bet ($0.50) returned to ImaPeppaPig
ImaPeppaPig collected $1 from pot
ImaPeppaPig: doesn't show hand 
JUANS2 joins the table at seat #2 
*** SUMMARY ***
Total pot $1 | Rake $0 
Seat 1: ImaPeppaPig (big blind) collected ($1)
Seat 3: malsta1982 (button) folded before Flop (didn't bet)
Seat 4: I TAKE IT 85 (small blind) folded before Flop



PokerStars Hand #254492131348:  Hold'em No Limit ($0.50/$1.00 USD) - 2025/01/21 23:23:51 WET [2025/01/21 18:23:51 ET]
Table 'Yabuuti III' 6-max Seat #4 is the button
Seat 5: BGS013 ($100 in chips) is sitting out
Seat 6: Espada Fish ($100 in chips) is sitting out
Seat 1: ImaPeppaPig ($178.19 in chips) 
Seat 2: JUANS2 ($100 in chips) 
Seat 3: malsta1982 ($95.79 in chips) 
Seat 4: I TAKE IT 85 ($103.81 in chips) 
ImaPeppaPig: posts small blind $0.50
JUANS2 is connected 
JUANS2: posts big blind $1
*** HOLE CARDS ***
malsta1982: folds 
I TAKE IT 85: folds 
ImaPeppaPig: raises $2 to $3
JUANS2: folds 
Uncalled bet ($2) returned to ImaPeppaPig
ImaPeppaPig collected $2 from pot
ImaPeppaPig: doesn't show hand 
*** SUMMARY ***
Total pot $2 | Rake $0 
Seat 5: BGS013
Seat 6: Espada Fish
Seat 1: ImaPeppaPig (small blind) collected ($2)
Seat 2: JUANS2 (big blind) folded before Flop
Seat 3: malsta1982 folded before Flop (didn't bet)
Seat 4: I TAKE IT 85 (button) folded before Flop (didn't bet)



PokerStars Hand #254492134975:  Hold'em No Limit ($0.50/$1.00 USD) - 2025/01/21 23:24:06 WET [2025/01/21 18:24:06 ET]
Table 'Yabuuti III' 6-max Seat #1 is the button
Seat 3: malsta1982 ($95.79 in chips) is sitting out
Seat 5: BGS013 ($100 in chips) is sitting out
Seat 6: Espada Fish ($100 in chips) is sitting out
Seat 1: ImaPeppaPig ($179.19 in chips) 
Seat 2: JUANS2 ($100 in chips) 
Seat 4: I TAKE IT 85 ($103.81 in chips) 
JUANS2: posts small blind $0.50
I TAKE IT 85: posts big blind $1
BGS013: sits out 
Espada Fish: sits out 
*** HOLE CARDS ***
malsta1982 leaves the table
ImaPeppaPig: folds 
JUANS2: folds 
Uncalled bet ($0.50) returned to I TAKE IT 85
I TAKE IT 85 collected $1 from pot
I TAKE IT 85: doesn't show hand 
*** SUMMARY ***
Total pot $1 | Rake $0 
Seat 3: malsta1982
Seat 5: BGS013
Seat 6: Espada Fish
Seat 1: ImaPeppaPig (button) folded before Flop (didn't bet)
Seat 2: JUANS2 (small blind) folded before Flop
Seat 4: I TAKE IT 85 (big blind) collected ($1)



PokerStars Hand #254492137907:  Hold'em No Limit ($0.50/$1.00 USD) - 2025/01/21 23:24:18 WET [2025/01/21 18:24:18 ET]
Table 'Yabuuti III' 6-max Seat #2 is the button
Seat 5: BGS013 ($100 in chips) is sitting out
Seat 1: ImaPeppaPig ($179.19 in chips) 
Seat 2: JUANS2 ($100 in chips) 
Seat 4: I TAKE IT 85 ($104.31 in chips) 
Seat 6: Espada Fish ($100 in chips) 
I TAKE IT 85: posts small blind $0.50
BGS013: is sitting out 
BGS013 leaves the table
Espada Fish: posts big blind $1
*** HOLE CARDS ***
ImaPeppaPig: raises $1.50 to $2.50
JUANS2: folds 
I TAKE IT 85: folds 
Espada Fish: folds 
Uncalled bet ($1.50) returned to ImaPeppaPig
ImaPeppaPig collected $2.50 from pot
ImaPeppaPig: doesn't show hand 
*** SUMMARY ***
Total pot $2.50 | Rake $0 
Seat 5: BGS013
Seat 1: ImaPeppaPig collected ($2.50)
Seat 2: JUANS2 (button) folded before Flop (didn't bet)
Seat 4: I TAKE IT 85 (small blind) folded before Flop
Seat 6: Espada Fish (big blind) folded before Flop



PokerStars Hand #254492141648:  Hold'em No Limit ($0.50/$1.00 USD) - 2025/01/21 23:24:32 WET [2025/01/21 18:24:32 ET]
Table 'Yabuuti III' 6-max Seat #4 is the button
Seat 1: ImaPeppaPig ($180.69 in chips) 
Seat 2: JUANS2 ($100 in chips) 
Seat 4: I TAKE IT 85 ($103.81 in chips) 
Seat 6: Espada Fish ($100 in chips) 
Espada Fish: posts small blind $0.50
ImaPeppaPig: posts big blind $1
*** HOLE CARDS ***
JUANS2: folds 
I TAKE IT 85: raises $1.05 to $2.05
Espada Fish: folds 
ImaPeppaPig: calls $1.05
*** FLOP *** [7c Qh 8d]
ImaPeppaPig: checks 
I TAKE IT 85: bets $3.06
ImaPeppaPig: folds 
Uncalled bet ($3.06) returned to I TAKE IT 85
I TAKE IT 85 collected $4.37 from pot
I TAKE IT 85: doesn't show hand 
*** SUMMARY ***
Total pot $4.60 | Rake $0.23 
Board [7c Qh 8d]
Seat 1: ImaPeppaPig (big blind) folded on the Flop
Seat 2: JUANS2 folded before Flop (didn't bet)
Seat 4: I TAKE IT 85 (button) collected ($4.37)
Seat 6: Espada Fish (small blind) folded before Flop



PokerStars Hand #254492147908:  Hold'em No Limit ($0.50/$1.00 USD) - 2025/01/21 23:24:57 WET [2025/01/21 18:24:57 ET]
Table 'Yabuuti III' 6-max Seat #6 is the button
Seat 2: JUANS2 ($100 in chips) is sitting out
Seat 1: ImaPeppaPig ($178.64 in chips) 
Seat 4: I TAKE IT 85 ($106.13 in chips) 
Seat 6: Espada Fish ($100 in chips) 
ImaPeppaPig: posts small blind $0.50
JUANS2: is sitting out 
I TAKE IT 85: posts big blind $1
*** HOLE CARDS ***
Espada Fish: folds 
JUANS2 leaves the table
Espada Fish leaves the table
ImaPeppaPig: raises $2 to $3
I TAKE IT 85: raises $9 to $12
ImaPeppaPig: folds 
Uncalled bet ($9) returned to I TAKE IT 85
I TAKE IT 85 collected $6 from pot
I TAKE IT 85: doesn't show hand 
*** SUMMARY ***
Total pot $6 | Rake $0 
Seat 2: JUANS2
Seat 1: ImaPeppaPig (small blind) folded before Flop
Seat 4: I TAKE IT 85 (big blind) collected ($6)
Seat 6: Espada Fish (button) folded before Flop (didn't bet)



PokerStars Hand #254492153641:  Hold'em No Limit ($0.50/$1.00 USD) - 2025/01/21 23:25:20 WET [2025/01/21 18:25:20 ET]
Table 'Yabuuti III' 6-max Seat #4 is the button
Seat 1: ImaPeppaPig ($175.64 in chips) 
Seat 4: I TAKE IT 85 ($109.13 in chips) 
I TAKE IT 85: posts small blind $0.50
ImaPeppaPig: posts big blind $1
*** HOLE CARDS ***
I TAKE IT 85: raises $1.50 to $2.50
ImaPeppaPig: folds 
Uncalled bet ($1.50) returned to I TAKE IT 85
I TAKE IT 85 collected $2 from pot
I TAKE IT 85: doesn't show hand 
*** SUMMARY ***
Total pot $2 | Rake $0 
Seat 1: ImaPeppaPig (big blind) folded before Flop
Seat 4: I TAKE IT 85 (button) (small blind) collected ($2)



PokerStars Hand #254492155974:  Hold'em No Limit ($0.50/$1.00 USD) - 2025/01/21 23:25:29 WET [2025/01/21 18:25:29 ET]
Table 'Yabuuti III' 6-max Seat #1 is the button
Seat 1: ImaPeppaPig ($174.64 in chips) 
Seat 4: I TAKE IT 85 ($110.13 in chips) 
ImaPeppaPig: posts small blind $0.50
I TAKE IT 85: posts big blind $1
*** HOLE CARDS ***
ImaPeppaPig: raises $1.50 to $2.50
I TAKE IT 85: folds 
Uncalled bet ($1.50) returned to ImaPeppaPig
ImaPeppaPig collected $2 from pot
ImaPeppaPig: doesn't show hand 
*** SUMMARY ***
Total pot $2 | Rake $0 
Seat 1: ImaPeppaPig (button) (small blind) collected ($2)
Seat 4: I TAKE IT 85 (big blind) folded before Flop



PokerStars Hand #254492157811:  Hold'em No Limit ($0.50/$1.00 USD) - 2025/01/21 23:25:36 WET [2025/01/21 18:25:36 ET]
Table 'Yabuuti III' 6-max Seat #4 is the button
Seat 1: ImaPeppaPig ($175.64 in chips) 
Seat 4: I TAKE IT 85 ($109.13 in chips) 
I TAKE IT 85: posts small blind $0.50
ImaPeppaPig: posts big blind $1
*** HOLE CARDS ***
I TAKE IT 85: raises $1.50 to $2.50
ImaPeppaPig: calls $1.50
*** FLOP *** [Ah Js Qc]
ImaPeppaPig: checks 
I TAKE IT 85: checks 
*** TURN *** [Ah Js Qc] [Qd]
ImaPeppaPig: checks 
I TAKE IT 85: checks 
*** RIVER *** [Ah Js Qc Qd] [7c]
ImaPeppaPig: bets $3.61
I TAKE IT 85: raises $12.57 to $16.18
ImaPeppaPig: folds 
Uncalled bet ($12.57) returned to I TAKE IT 85
I TAKE IT 85 collected $11.61 from pot
I TAKE IT 85: doesn't show hand 
*** SUMMARY ***
Total pot $12.22 | Rake $0.61 
Board [Ah Js Qc Qd 7c]
Seat 1: ImaPeppaPig (big blind) folded on the River
Seat 4: I TAKE IT 85 (button) (small blind) collected ($11.61)



PokerStars Hand #254492168722:  Hold'em No Limit ($0.50/$1.00 USD) - 2025/01/21 23:26:20 WET [2025/01/21 18:26:20 ET]
Table 'Yabuuti III' 6-max Seat #1 is the button
Seat 1: ImaPeppaPig ($169.53 in chips) 
Seat 4: I TAKE IT 85 ($114.63 in chips) 
ImaPeppaPig: posts small blind $0.50
I TAKE IT 85: posts big blind $1
*** HOLE CARDS ***
ImaPeppaPig: raises $1.50 to $2.50
I TAKE IT 85: calls $1.50
*** FLOP *** [Td 8h 9d]
I TAKE IT 85: checks 
ImaPeppaPig: checks 
*** TURN *** [Td 8h 9d] [Jd]
I TAKE IT 85: bets $6.22
ImaPeppaPig: calls $6.22
*** RIVER *** [Td 8h 9d Jd] [Ad]
I TAKE IT 85: bets $5.47
ImaPeppaPig: folds 
Uncalled bet ($5.47) returned to I TAKE IT 85
I TAKE IT 85 collected $16.57 from pot
I TAKE IT 85: doesn't show hand 
*** SUMMARY ***
Total pot $17.44 | Rake $0.87 
Board [Td 8h 9d Jd Ad]
Seat 1: ImaPeppaPig (button) (small blind) folded on the River
Seat 4: I TAKE IT 85 (big blind) collected ($16.57)



PokerStars Hand #254492178351:  Hold'em No Limit ($0.50/$1.00 USD) - 2025/01/21 23:26:58 WET [2025/01/21 18:26:58 ET]
Table 'Yabuuti III' 6-max Seat #4 is the button
Seat 1: ImaPeppaPig ($160.81 in chips) 
Seat 4: I TAKE IT 85 ($122.48 in chips) 
I TAKE IT 85: posts small blind $0.50
ImaPeppaPig: posts big blind $1
*** HOLE CARDS ***
I TAKE IT 85: raises $1.50 to $2.50
ImaPeppaPig: calls $1.50
*** FLOP *** [Qh Ah 8s]
ImaPeppaPig: checks 
I TAKE IT 85: bets $1.80
ImaPeppaPig: folds 
Uncalled bet ($1.80) returned to I TAKE IT 85
I TAKE IT 85 collected $4.75 from pot
I TAKE IT 85: doesn't show hand 
*** SUMMARY ***
Total pot $5 | Rake $0.25 
Board [Qh Ah 8s]
Seat 1: ImaPeppaPig (big blind) folded on the Flop
Seat 4: I TAKE IT 85 (button) (small blind) collected ($4.75)



PokerStars Hand #254492182437:  Hold'em No Limit ($0.50/$1.00 USD) - 2025/01/21 23:27:14 WET [2025/01/21 18:27:14 ET]
Table 'Yabuuti III' 6-max Seat #1 is the button
Seat 1: ImaPeppaPig ($158.31 in chips) 
Seat 4: I TAKE IT 85 ($124.73 in chips) 
ImaPeppaPig: posts small blind $0.50
I TAKE IT 85: posts big blind $1
*** HOLE CARDS ***
ImaPeppaPig: raises $1.50 to $2.50
I TAKE IT 85: folds 
Uncalled bet ($1.50) returned to ImaPeppaPig
ImaPeppaPig collected $2 from pot
ImaPeppaPig: doesn't show hand 
*** SUMMARY ***
Total pot $2 | Rake $0 
Seat 1: ImaPeppaPig (button) (small blind) collected ($2)
Seat 4: I TAKE IT 85 (big blind) folded before Flop



PokerStars Hand #254492184398:  Hold'em No Limit ($0.50/$1.00 USD) - 2025/01/21 23:27:22 WET [2025/01/21 18:27:22 ET]
Table 'Yabuuti III' 6-max Seat #4 is the button
Seat 1: ImaPeppaPig ($159.31 in chips) 
Seat 4: I TAKE IT 85 ($123.73 in chips) 
I TAKE IT 85: posts small blind $0.50
ImaPeppaPig: posts big blind $1
*** HOLE CARDS ***
I TAKE IT 85: raises $1.50 to $2.50
ImaPeppaPig: raises $10.50 to $13
I TAKE IT 85: folds 
Uncalled bet ($10.50) returned to ImaPeppaPig
ImaPeppaPig collected $5 from pot
ImaPeppaPig: doesn't show hand 
*** SUMMARY ***
Total pot $5 | Rake $0 
Seat 1: ImaPeppaPig (big blind) collected ($5)
Seat 4: I TAKE IT 85 (button) (small blind) folded before Flop



PokerStars Hand #254492188465:  Hold'em No Limit ($0.50/$1.00 USD) - 2025/01/21 23:27:38 WET [2025/01/21 18:27:38 ET]
Table 'Yabuuti III' 6-max Seat #1 is the button
Seat 1: ImaPeppaPig ($161.81 in chips) 
Seat 4: I TAKE IT 85 ($121.23 in chips) 
ImaPeppaPig: posts small blind $0.50
I TAKE IT 85: posts big blind $1
*** HOLE CARDS ***
ImaPeppaPig: raises $1.50 to $2.50
I TAKE IT 85: raises $7.50 to $10
ImaPeppaPig: folds 
Uncalled bet ($7.50) returned to I TAKE IT 85
I TAKE IT 85 collected $5 from pot
I TAKE IT 85: doesn't show hand 
*** SUMMARY ***
Total pot $5 | Rake $0 
Seat 1: ImaPeppaPig (button) (small blind) folded before Flop
Seat 4: I TAKE IT 85 (big blind) collected ($5)



PokerStars Hand #254492191351:  Hold'em No Limit ($0.50/$1.00 USD) - 2025/01/21 23:27:49 WET [2025/01/21 18:27:49 ET]
Table 'Yabuuti III' 6-max Seat #4 is the button
Seat 1: ImaPeppaPig ($159.31 in chips) 
Seat 4: I TAKE IT 85 ($123.73 in chips) 
I TAKE IT 85: posts small blind $0.50
ImaPeppaPig: posts big blind $1
*** HOLE CARDS ***
I TAKE IT 85: raises $1.50 to $2.50
ImaPeppaPig: calls $1.50
*** FLOP *** [Js 2s 8h]
ImaPeppaPig: checks 
I TAKE IT 85: bets $3.75
ImaPeppaPig: calls $3.75
*** TURN *** [Js 2s 8h] [4s]
ImaPeppaPig: checks 
I TAKE IT 85: checks 
*** RIVER *** [Js 2s 8h 4s] [5c]
ImaPeppaPig: bets $1
I TAKE IT 85: raises $3 to $4
ImaPeppaPig: folds 
Uncalled bet ($3) returned to I TAKE IT 85
I TAKE IT 85 collected $13.78 from pot
I TAKE IT 85: doesn't show hand 
*** SUMMARY ***
Total pot $14.50 | Rake $0.72 
Board [Js 2s 8h 4s 5c]
Seat 1: ImaPeppaPig (big blind) folded on the River
Seat 4: I TAKE IT 85 (button) (small blind) collected ($13.78)



PokerStars Hand #254492202553:  Hold'em No Limit ($0.50/$1.00 USD) - 2025/01/21 23:28:34 WET [2025/01/21 18:28:34 ET]
Table 'Yabuuti III' 6-max Seat #1 is the button
Seat 1: ImaPeppaPig ($152.06 in chips) 
Seat 4: I TAKE IT 85 ($130.26 in chips) 
ImaPeppaPig: posts small blind $0.50
I TAKE IT 85: posts big blind $1
*** HOLE CARDS ***
ImaPeppaPig: folds 
Uncalled bet ($0.50) returned to I TAKE IT 85
I TAKE IT 85 collected $1 from pot
I TAKE IT 85: doesn't show hand 
*** SUMMARY ***
Total pot $1 | Rake $0 
Seat 1: ImaPeppaPig (button) (small blind) folded before Flop
Seat 4: I TAKE IT 85 (big blind) collected ($1)



PokerStars Hand #254492204331:  Hold'em No Limit ($0.50/$1.00 USD) - 2025/01/21 23:28:42 WET [2025/01/21 18:28:42 ET]
Table 'Yabuuti III' 6-max Seat #4 is the button
Seat 1: ImaPeppaPig ($151.56 in chips) 
Seat 4: I TAKE IT 85 ($130.76 in chips) 
I TAKE IT 85: posts small blind $0.50
ImaPeppaPig: posts big blind $1
*** HOLE CARDS ***
I TAKE IT 85: raises $1.50 to $2.50
ImaPeppaPig: raises $10.50 to $13
I TAKE IT 85: folds 
Uncalled bet ($10.50) returned to ImaPeppaPig
ImaPeppaPig collected $5 from pot
ImaPeppaPig: doesn't show hand 
*** SUMMARY ***
Total pot $5 | Rake $0 
Seat 1: ImaPeppaPig (big blind) collected ($5)
Seat 4: I TAKE IT 85 (button) (small blind) folded before Flop



PokerStars Hand #254491840252:  Hold'em No Limit ($0.50/$1.00 USD) - 2025/01/21 23:04:48 WET [2025/01/21 18:04:48 ET]
Table 'Yabuuti III' 6-max Seat #1 is the button
Seat 1: ImaPeppaPig ($100.50 in chips) 
Seat 4: I TAKE IT 85 ($102.25 in chips) 
ImaPeppaPig: posts small blind $0.50
I TAKE IT 85: posts big blind $1
*** HOLE CARDS ***
ImaPeppaPig: raises $1.50 to $2.50
I TAKE IT 85: folds 
Uncalled bet ($1.50) returned to ImaPeppaPig
ImaPeppaPig collected $2 from pot
ImaPeppaPig: doesn't show hand 
*** SUMMARY ***
Total pot $2 | Rake $0 
Seat 1: ImaPeppaPig (button) (small blind) collected ($2)
Seat 4: I TAKE IT 85 (big blind) folded before Flop



PokerStars Hand #254491842727:  Hold'em No Limit ($0.50/$1.00 USD) - 2025/01/21 23:04:58 WET [2025/01/21 18:04:58 ET]
Table 'Yabuuti III' 6-max Seat #4 is the button
Seat 1: ImaPeppaPig ($101.50 in chips) 
Seat 4: I TAKE IT 85 ($101.25 in chips) 
I TAKE IT 85: posts small blind $0.50
ImaPeppaPig: posts big blind $1
*** HOLE CARDS ***
I TAKE IT 85: raises $1.50 to $2.50
ImaPeppaPig: folds 
Uncalled bet ($1.50) returned to I TAKE IT 85
I TAKE IT 85 collected $2 from pot
I TAKE IT 85: doesn't show hand 
*** SUMMARY ***
Total pot $2 | Rake $0 
Seat 1: ImaPeppaPig (big blind) folded before Flop
Seat 4: I TAKE IT 85 (button) (small blind) collected ($2)



PokerStars Hand #254491845205:  Hold'em No Limit ($0.50/$1.00 USD) - 2025/01/21 23:05:07 WET [2025/01/21 18:05:07 ET]
Table 'Yabuuti III' 6-max Seat #1 is the button
Seat 1: ImaPeppaPig ($100.50 in chips) 
Seat 4: I TAKE IT 85 ($102.25 in chips) 
ImaPeppaPig: posts small blind $0.50
I TAKE IT 85: posts big blind $1
*** HOLE CARDS ***
ImaPeppaPig: raises $1.50 to $2.50
I TAKE IT 85: calls $1.50
*** FLOP *** [9h Kc 5s]
I TAKE IT 85: checks 
ImaPeppaPig: bets $2.47
I TAKE IT 85: folds 
Uncalled bet ($2.47) returned to ImaPeppaPig
ImaPeppaPig collected $4.75 from pot
ImaPeppaPig: doesn't show hand 
*** SUMMARY ***
Total pot $5 | Rake $0.25 
Board [9h Kc 5s]
Seat 1: ImaPeppaPig (button) (small blind) collected ($4.75)
Seat 4: I TAKE IT 85 (big blind) folded on the Flop



PokerStars Hand #254491850534:  Hold'em No Limit ($0.50/$1.00 USD) - 2025/01/21 23:05:27 WET [2025/01/21 18:05:27 ET]
Table 'Yabuuti III' 6-max Seat #4 is the button
Seat 1: ImaPeppaPig ($102.75 in chips) 
Seat 4: I TAKE IT 85 ($100 in chips) 
I TAKE IT 85: posts small blind $0.50
ImaPeppaPig: posts big blind $1
*** HOLE CARDS ***
I TAKE IT 85: raises $1.50 to $2.50
ImaPeppaPig: raises $9.50 to $12
I TAKE IT 85: folds 
Uncalled bet ($9.50) returned to ImaPeppaPig
ImaPeppaPig collected $5 from pot
ImaPeppaPig: doesn't show hand 
*** SUMMARY ***
Total pot $5 | Rake $0 
Seat 1: ImaPeppaPig (big blind) collected ($5)
Seat 4: I TAKE IT 85 (button) (small blind) folded before Flop



PokerStars Hand #254491853607:  Hold'em No Limit ($0.50/$1.00 USD) - 2025/01/21 23:05:39 WET [2025/01/21 18:05:39 ET]
Table 'Yabuuti III' 6-max Seat #1 is the button
Seat 1: ImaPeppaPig ($105.25 in chips) 
Seat 4: I TAKE IT 85 ($100 in chips) 
ImaPeppaPig: posts small blind $0.50
I TAKE IT 85: posts big blind $1
*** HOLE CARDS ***
ImaPeppaPig: folds 
Uncalled bet ($0.50) returned to I TAKE IT 85
I TAKE IT 85 collected $1 from pot
I TAKE IT 85: doesn't show hand 
*** SUMMARY ***
Total pot $1 | Rake $0 
Seat 1: ImaPeppaPig (button) (small blind) folded before Flop
Seat 4: I TAKE IT 85 (big blind) collected ($1)



PokerStars Hand #254491855195:  Hold'em No Limit ($0.50/$1.00 USD) - 2025/01/21 23:05:45 WET [2025/01/21 18:05:45 ET]
Table 'Yabuuti III' 6-max Seat #4 is the button
Seat 1: ImaPeppaPig ($104.75 in chips) 
Seat 4: I TAKE IT 85 ($100.50 in chips) 
I TAKE IT 85: posts small blind $0.50
ImaPeppaPig: posts big blind $1
*** HOLE CARDS ***
I TAKE IT 85: raises $1.50 to $2.50
ImaPeppaPig: folds 
Uncalled bet ($1.50) returned to I TAKE IT 85
I TAKE IT 85 collected $2 from pot
I TAKE IT 85: doesn't show hand 
*** SUMMARY ***
Total pot $2 | Rake $0 
Seat 1: ImaPeppaPig (big blind) folded before Flop
Seat 4: I TAKE IT 85 (button) (small blind) collected ($2)



PokerStars Hand #254491857677:  Hold'em No Limit ($0.50/$1.00 USD) - 2025/01/21 23:05:55 WET [2025/01/21 18:05:55 ET]
Table 'Yabuuti III' 6-max Seat #1 is the button
Seat 1: ImaPeppaPig ($103.75 in chips) 
Seat 4: I TAKE IT 85 ($101.50 in chips) 
ImaPeppaPig: posts small blind $0.50
I TAKE IT 85: posts big blind $1
*** HOLE CARDS ***
ImaPeppaPig: folds 
Uncalled bet ($0.50) returned to I TAKE IT 85
I TAKE IT 85 collected $1 from pot
I TAKE IT 85: doesn't show hand 
*** SUMMARY ***
Total pot $1 | Rake $0 
Seat 1: ImaPeppaPig (button) (small blind) folded before Flop
Seat 4: I TAKE IT 85 (big blind) collected ($1)



PokerStars Hand #254491859102:  Hold'em No Limit ($0.50/$1.00 USD) - 2025/01/21 23:06:00 WET [2025/01/21 18:06:00 ET]
Table 'Yabuuti III' 6-max Seat #4 is the button
Seat 1: ImaPeppaPig ($103.25 in chips) 
Seat 4: I TAKE IT 85 ($102 in chips) 
I TAKE IT 85: posts small blind $0.50
ImaPeppaPig: posts big blind $1
*** HOLE CARDS ***
I TAKE IT 85: raises $1.50 to $2.50
ImaPeppaPig: calls $1.50
*** FLOP *** [Ts 4c 5d]
ImaPeppaPig: checks 
I TAKE IT 85: bets $1.80
ImaPeppaPig: folds 
Uncalled bet ($1.80) returned to I TAKE IT 85
I TAKE IT 85 collected $4.75 from pot
I TAKE IT 85: doesn't show hand 
*** SUMMARY ***
Total pot $5 | Rake $0.25 
Board [Ts 4c 5d]
Seat 1: ImaPeppaPig (big blind) folded on the Flop
Seat 4: I TAKE IT 85 (button) (small blind) collected ($4.75)



PokerStars Hand #254491862899:  Hold'em No Limit ($0.50/$1.00 USD) - 2025/01/21 23:06:15 WET [2025/01/21 18:06:15 ET]
Table 'Yabuuti III' 6-max Seat #1 is the button
Seat 1: ImaPeppaPig ($100.75 in chips) 
Seat 4: I TAKE IT 85 ($104.25 in chips) 
ImaPeppaPig: posts small blind $0.50
I TAKE IT 85: posts big blind $1
*** HOLE CARDS ***
ImaPeppaPig: raises $1.50 to $2.50
I TAKE IT 85: calls $1.50
*** FLOP *** [3c 7d 5c]
I TAKE IT 85: checks 
ImaPeppaPig: checks 
*** TURN *** [3c 7d 5c] [9d]
I TAKE IT 85: bets $1.80
ImaPeppaPig: folds 
Uncalled bet ($1.80) returned to I TAKE IT 85
I TAKE IT 85 collected $4.75 from pot
I TAKE IT 85: doesn't show hand 
*** SUMMARY ***
Total pot $5 | Rake $0.25 
Board [3c 7d 5c 9d]
Seat 1: ImaPeppaPig (button) (small blind) folded on the Turn
Seat 4: I TAKE IT 85 (big blind) collected ($4.75)



PokerStars Hand #254491869943:  Hold'em No Limit ($0.50/$1.00 USD) - 2025/01/21 23:06:42 WET [2025/01/21 18:06:42 ET]
Table 'Yabuuti III' 6-max Seat #4 is the button
Seat 1: ImaPeppaPig ($100 in chips) 
Seat 4: I TAKE IT 85 ($106.50 in chips) 
I TAKE IT 85: posts small blind $0.50
ImaPeppaPig: posts big blind $1
*** HOLE CARDS ***
I TAKE IT 85: raises $1.50 to $2.50
ImaPeppaPig: raises $9.50 to $12
I TAKE IT 85: calls $9.50
*** FLOP *** [Ts 8d 6d]
ImaPeppaPig: checks 
I TAKE IT 85: checks 
*** TURN *** [Ts 8d 6d] [4h]
ImaPeppaPig: checks 
I TAKE IT 85: checks 
*** RIVER *** [Ts 8d 6d 4h] [2c]
ImaPeppaPig: checks 
I TAKE IT 85: checks 
*** SHOW DOWN ***
ImaPeppaPig: shows [As Kh] (high card Ace)
I TAKE IT 85: mucks hand 
ImaPeppaPig collected $23 from pot
*** SUMMARY ***
Total pot $24 | Rake $1 
Board [Ts 8d 6d 4h 2c]
Seat 1: ImaPeppaPig (big blind) showed [As Kh] and won ($23) with high card Ace
Seat 4: I TAKE IT 85 (button) (small blind) mucked



PokerStars Hand #254491880385:  Hold'em No Limit ($0.50/$1.00 USD) - 2025/01/21 23:07:23 WET [2025/01/21 18:07:23 ET]
Table 'Yabuuti III' 6-max Seat #1 is the button
Seat 1: ImaPeppaPig ($111 in chips) 
Seat 4: I TAKE IT 85 ($100 in chips) 
ImaPeppaPig: posts small blind $0.50
I TAKE IT 85: posts big blind $1
*** HOLE CARDS ***
ImaPeppaPig: folds 
Uncalled bet ($0.50) returned to I TAKE IT 85
I TAKE IT 85 collected $1 from pot
I TAKE IT 85: doesn't show hand 
*** SUMMARY ***
Total pot $1 | Rake $0 
Seat 1: ImaPeppaPig (button) (small blind) folded before Flop
Seat 4: I TAKE IT 85 (big blind) collected ($1)



PokerStars Hand #254491881930:  Hold'em No Limit ($0.50/$1.00 USD) - 2025/01/21 23:07:29 WET [2025/01/21 18:07:29 ET]
Table 'Yabuuti III' 6-max Seat #4 is the button
Seat 1: ImaPeppaPig ($110.50 in chips) 
Seat 4: I TAKE IT 85 ($100.50 in chips) 
I TAKE IT 85: posts small blind $0.50
ImaPeppaPig: posts big blind $1
*** HOLE CARDS ***
I TAKE IT 85: raises $1.50 to $2.50
ImaPeppaPig: calls $1.50
*** FLOP *** [7c Jc 6c]
ImaPeppaPig: checks 
I TAKE IT 85: checks 
*** TURN *** [7c Jc 6c] [4h]
ImaPeppaPig: bets $2.47
I TAKE IT 85: calls $2.47
*** RIVER *** [7c Jc 6c 4h] [Qc]
ImaPeppaPig: checks 
I TAKE IT 85: bets $4.72
ImaPeppaPig: folds 
Uncalled bet ($4.72) returned to I TAKE IT 85
I TAKE IT 85 collected $9.44 from pot
I TAKE IT 85: doesn't show hand 
*** SUMMARY ***
Total pot $9.94 | Rake $0.50 
Board [7c Jc 6c 4h Qc]
Seat 1: ImaPeppaPig (big blind) folded on the River
Seat 4: I TAKE IT 85 (button) (small blind) collected ($9.44)



PokerStars Hand #254492207873:  Hold'em No Limit ($0.50/$1.00 USD) - 2025/01/21 23:28:56 WET [2025/01/21 18:28:56 ET]
Table 'Yabuuti III' 6-max Seat #1 is the button
Seat 1: ImaPeppaPig ($154.06 in chips) 
Seat 4: I TAKE IT 85 ($128.26 in chips) 
ImaPeppaPig: posts small blind $0.50
I TAKE IT 85: posts big blind $1
*** HOLE CARDS ***
ImaPeppaPig: raises $1.50 to $2.50
I TAKE IT 85: calls $1.50
*** FLOP *** [5h 5s Jh]
I TAKE IT 85: checks 
ImaPeppaPig: checks 
*** TURN *** [5h 5s Jh] [Js]
I TAKE IT 85: checks 
ImaPeppaPig: checks 
*** RIVER *** [5h 5s Jh Js] [6c]
I TAKE IT 85: bets $3.33
ImaPeppaPig: calls $3.33
*** SHOW DOWN ***
I TAKE IT 85: shows [7s 9h] (two pair, Jacks and Fives)
ImaPeppaPig: shows [Ad Qh] (two pair, Jacks and Fives - Ace kicker)
ImaPeppaPig collected $11.08 from pot
*** SUMMARY ***
Total pot $11.66 | Rake $0.58 
Board [5h 5s Jh Js 6c]
Seat 1: ImaPeppaPig (button) (small blind) showed [Ad Qh] and won ($11.08) with two pair, Jacks and Fives
Seat 4: I TAKE IT 85 (big blind) showed [7s 9h] and lost with two pair, Jacks and Fives



PokerStars Hand #254492218986:  Hold'em No Limit ($0.50/$1.00 USD) - 2025/01/21 23:29:41 WET [2025/01/21 18:29:41 ET]
Table 'Yabuuti III' 6-max Seat #4 is the button
Seat 1: ImaPeppaPig ($159.31 in chips) 
Seat 4: I TAKE IT 85 ($122.43 in chips) 
I TAKE IT 85: posts small blind $0.50
ImaPeppaPig: posts big blind $1
*** HOLE CARDS ***
I TAKE IT 85: folds 
Uncalled bet ($0.50) returned to ImaPeppaPig
ImaPeppaPig collected $1 from pot
ImaPeppaPig: doesn't show hand 
*** SUMMARY ***
Total pot $1 | Rake $0 
Seat 1: ImaPeppaPig (big blind) collected ($1)
Seat 4: I TAKE IT 85 (button) (small blind) folded before Flop



PokerStars Hand #254492220523:  Hold'em No Limit ($0.50/$1.00 USD) - 2025/01/21 23:29:47 WET [2025/01/21 18:29:47 ET]
Table 'Yabuuti III' 6-max Seat #1 is the button
Seat 1: ImaPeppaPig ($159.81 in chips) 
Seat 4: I TAKE IT 85 ($121.93 in chips) 
ImaPeppaPig: posts small blind $0.50
I TAKE IT 85: posts big blind $1
*** HOLE CARDS ***
ImaPeppaPig: raises $1.50 to $2.50
I TAKE IT 85: raises $7.50 to $10
ImaPeppaPig: folds 
Uncalled bet ($7.50) returned to I TAKE IT 85
I TAKE IT 85 collected $5 from pot
I TAKE IT 85: doesn't show hand 
*** SUMMARY ***
Total pot $5 | Rake $0 
Seat 1: ImaPeppaPig (button) (small blind) folded before Flop
Seat 4: I TAKE IT 85 (big blind) collected ($5)



PokerStars Hand #254492225269:  Hold'em No Limit ($0.50/$1.00 USD) - 2025/01/21 23:30:06 WET [2025/01/21 18:30:06 ET]
Table 'Yabuuti III' 6-max Seat #4 is the button
Seat 1: ImaPeppaPig ($157.31 in chips) 
Seat 4: I TAKE IT 85 ($124.43 in chips) 
I TAKE IT 85: posts small blind $0.50
ImaPeppaPig: posts big blind $1
*** HOLE CARDS ***
I TAKE IT 85: folds 
Uncalled bet ($0.50) returned to ImaPeppaPig
ImaPeppaPig collected $1 from pot
ImaPeppaPig: doesn't show hand 
*** SUMMARY ***
Total pot $1 | Rake $0 
Seat 1: ImaPeppaPig (big blind) collected ($1)
Seat 4: I TAKE IT 85 (button) (small blind) folded before Flop



PokerStars Hand #254492226642:  Hold'em No Limit ($0.50/$1.00 USD) - 2025/01/21 23:30:12 WET [2025/01/21 18:30:12 ET]
Table 'Yabuuti III' 6-max Seat #1 is the button
Seat 1: ImaPeppaPig ($157.81 in chips) 
Seat 4: I TAKE IT 85 ($123.93 in chips) 
ImaPeppaPig: posts small blind $0.50
I TAKE IT 85: posts big blind $1
*** HOLE CARDS ***
ImaPeppaPig: raises $1 to $2
I TAKE IT 85: calls $1
*** FLOP *** [6h 7c 9h]
BoyLoc0 joins the table at seat #6 
I TAKE IT 85: checks 
ImaPeppaPig: checks 
*** TURN *** [6h 7c 9h] [7h]
I TAKE IT 85: checks 
ImaPeppaPig: bets $1.18
I TAKE IT 85: calls $1.18
*** RIVER *** [6h 7c 9h 7h] [4d]
I TAKE IT 85: checks 
ImaPeppaPig: checks 
*** SHOW DOWN ***
I TAKE IT 85: shows [6c 4s] (two pair, Sevens and Sixes)
ImaPeppaPig: shows [6s 5s] (two pair, Sevens and Sixes)
I TAKE IT 85 collected $3.02 from pot
ImaPeppaPig collected $3.02 from pot
*** SUMMARY ***
Total pot $6.36 | Rake $0.32 
Board [6h 7c 9h 7h 4d]
Seat 1: ImaPeppaPig (button) (small blind) showed [6s 5s] and won ($3.02) with two pair, Sevens and Sixes
Seat 4: I TAKE IT 85 (big blind) showed [6c 4s] and won ($3.02) with two pair, Sevens and Sixes



PokerStars Hand #254492240931:  Hold'em No Limit ($0.50/$1.00 USD) - 2025/01/21 23:31:11 WET [2025/01/21 18:31:11 ET]
Table 'Yabuuti III' 6-max Seat #1 is the button
Seat 1: ImaPeppaPig ($157.65 in chips) 
Seat 4: I TAKE IT 85 ($123.77 in chips) 
Seat 6: BoyLoc0 ($100 in chips) 
I TAKE IT 85: posts small blind $0.50
BoyLoc0: posts big blind $1
*** HOLE CARDS ***
ImaPeppaPig: folds 
I TAKE IT 85: folds 
Uncalled bet ($0.50) returned to BoyLoc0
BoyLoc0 collected $1 from pot
BoyLoc0: doesn't show hand 
*** SUMMARY ***
Total pot $1 | Rake $0 
Seat 1: ImaPeppaPig (button) folded before Flop (didn't bet)
Seat 4: I TAKE IT 85 (small blind) folded before Flop
Seat 6: BoyLoc0 (big blind) collected ($1)



PokerStars Hand #254492243411:  Hold'em No Limit ($0.50/$1.00 USD) - 2025/01/21 23:31:21 WET [2025/01/21 18:31:21 ET]
Table 'Yabuuti III' 6-max Seat #4 is the button
Seat 1: ImaPeppaPig ($157.65 in chips) 
Seat 4: I TAKE IT 85 ($123.27 in chips) 
Seat 6: BoyLoc0 ($100.50 in chips) 
BoyLoc0: posts small blind $0.50
ImaPeppaPig: posts big blind $1
*** HOLE CARDS ***
I TAKE IT 85: folds 
BoyLoc0: folds 
Uncalled bet ($0.50) returned to ImaPeppaPig
ImaPeppaPig collected $1 from pot
ImaPeppaPig: doesn't show hand 
*** SUMMARY ***
Total pot $1 | Rake $0 
Seat 1: ImaPeppaPig (big blind) collected ($1)
Seat 4: I TAKE IT 85 (button) folded before Flop (didn't bet)
Seat 6: BoyLoc0 (small blind) folded before Flop



PokerStars Hand #254492245181:  Hold'em No Limit ($0.50/$1.00 USD) - 2025/01/21 23:31:28 WET [2025/01/21 18:31:28 ET]
Table 'Yabuuti III' 6-max Seat #1 is the button
Seat 4: I TAKE IT 85 ($123.27 in chips) is sitting out
Seat 1: ImaPeppaPig ($158.15 in chips) 
Seat 6: BoyLoc0 ($100 in chips) 
ImaPeppaPig: posts small blind $0.50
I TAKE IT 85: is sitting out 
BoyLoc0: posts big blind $1
*** HOLE CARDS ***
I TAKE IT 85 leaves the table
ImaPeppaPig: raises $1.50 to $2.50
BoyLoc0: folds 
Uncalled bet ($1.50) returned to ImaPeppaPig
ImaPeppaPig collected $2 from pot
ImaPeppaPig: doesn't show hand 
*** SUMMARY ***
Total pot $2 | Rake $0 
Seat 4: I TAKE IT 85
Seat 1: ImaPeppaPig (button) (small blind) collected ($2)
Seat 6: BoyLoc0 (big blind) folded before Flop



PokerStars Hand #254492247232:  Hold'em No Limit ($0.50/$1.00 USD) - 2025/01/21 23:31:36 WET [2025/01/21 18:31:36 ET]
Table 'Yabuuti III' 6-max Seat #6 is the button
Seat 1: ImaPeppaPig ($159.15 in chips) 
Seat 6: BoyLoc0 ($100 in chips) 
BoyLoc0: posts small blind $0.50
ImaPeppaPig: posts big blind $1
*** HOLE CARDS ***
BoyLoc0: folds 
Uncalled bet ($0.50) returned to ImaPeppaPig
ImaPeppaPig collected $1 from pot
ImaPeppaPig: doesn't show hand 
*** SUMMARY ***
Total pot $1 | Rake $0 
Seat 1: ImaPeppaPig (big blind) collected ($1)
Seat 6: BoyLoc0 (button) (small blind) folded before Flop



