PokerStars Hand #254492556171:  Hold'em No Limit ($0.50/$1.00 USD) - 2025/01/21 23:53:24 WET [2025/01/21 18:53:24 ET]
Table 'Kraz IV' 6-max Seat #6 is the button
Seat 1: Espada Fish ($111.28 in chips) 
Seat 2: MakoEv ($100 in chips) 
Seat 3: Tibibacsi ($101 in chips) 
Seat 4: ptolejmus ($19.95 in chips) 
Seat 5: ImaPeppaPig ($101 in chips) 
Seat 6: Hubertdeal ($42.39 in chips) 
Espada Fish: posts small blind $0.50
MakoEv: posts big blind $1
*** HOLE CARDS ***
Tibibacsi: folds 
ptolejmus: raises $1 to $2
ImaPeppaPig: folds 
Hubertdeal: raises $40.39 to $42.39 and is all-in
Espada Fish: folds 
MakoEv: folds 
ptolejmus: folds 
Uncalled bet ($40.39) returned to Hubertdeal
Hubertdeal collected $5.50 from pot
*** SUMMARY ***
Total pot $5.50 | Rake $0 
Seat 1: Espada Fish (small blind) folded before Flop
Seat 2: MakoEv (big blind) folded before Flop
Seat 3: Tibibacsi folded before Flop (didn't bet)
Seat 4: ptolejmus folded before Flop
Seat 5: ImaPeppaPig folded before Flop (didn't bet)
Seat 6: Hubertdeal (button) collected ($5.50)



PokerStars Hand #254492561178:  Hold'em No Limit ($0.50/$1.00 USD) - 2025/01/21 23:53:47 WET [2025/01/21 18:53:47 ET]
Table 'Kraz IV' 6-max Seat #1 is the button
Seat 1: Espada Fish ($110.78 in chips) 
Seat 3: Tibibacsi ($101 in chips) 
Seat 4: ptolejmus ($17.95 in chips) 
Seat 5: ImaPeppaPig ($101 in chips) 
Seat 6: Hubertdeal ($45.89 in chips) 
MakoEv leaves the table
Tibibacsi: posts small blind $0.50
ptolejmus: posts big blind $1
*** HOLE CARDS ***
ImaPeppaPig: folds 
Hubertdeal: folds 
BGS013 joins the table at seat #2 
Espada Fish: raises $1.50 to $2.50
Tibibacsi: folds 
ptolejmus: raises $15.45 to $17.95 and is all-in
Espada Fish: folds 
Uncalled bet ($15.45) returned to ptolejmus
ptolejmus collected $5.50 from pot
*** SUMMARY ***
Total pot $5.50 | Rake $0 
Seat 1: Espada Fish (button) folded before Flop
Seat 3: Tibibacsi (small blind) folded before Flop
Seat 4: ptolejmus (big blind) collected ($5.50)
Seat 5: ImaPeppaPig folded before Flop (didn't bet)
Seat 6: Hubertdeal folded before Flop (didn't bet)



PokerStars Hand #254492566126:  Hold'em No Limit ($0.50/$1.00 USD) - 2025/01/21 23:54:09 WET [2025/01/21 18:54:09 ET]
Table 'Kraz IV' 6-max Seat #3 is the button
Seat 2: BGS013 ($100 in chips) is sitting out
Seat 1: Espada Fish ($108.28 in chips) 
Seat 3: Tibibacsi ($100.50 in chips) 
Seat 4: ptolejmus ($20.95 in chips) 
Seat 5: ImaPeppaPig ($101 in chips) 
Seat 6: Hubertdeal ($45.89 in chips) 
ptolejmus: posts small blind $0.50
ImaPeppaPig: posts big blind $1
BGS013: sits out 
*** HOLE CARDS ***
Hubertdeal: raises $44.89 to $45.89 and is all-in
Espada Fish: folds 
Tibibacsi: folds 
ptolejmus: folds 
ImaPeppaPig: calls $44.89
*** FLOP *** [3c Js Qh]
*** TURN *** [3c Js Qh] [6c]
*** RIVER *** [3c Js Qh 6c] [Tc]
*** SHOW DOWN ***
ImaPeppaPig: shows [Kc Ah] (a straight, Ten to Ace)
Hubertdeal: shows [8d 7c] (high card Queen)
ImaPeppaPig collected $89.78 from pot
*** SUMMARY ***
Total pot $92.28 | Rake $2.50 
Board [3c Js Qh 6c Tc]
Seat 2: BGS013
Seat 1: Espada Fish folded before Flop (didn't bet)
Seat 3: Tibibacsi (button) folded before Flop (didn't bet)
Seat 4: ptolejmus (small blind) folded before Flop
Seat 5: ImaPeppaPig (big blind) showed [Kc Ah] and won ($89.78) with a straight, Ten to Ace
Seat 6: Hubertdeal showed [8d 7c] and lost with high card Queen



PokerStars Hand #254492572493:  Hold'em No Limit ($0.50/$1.00 USD) - 2025/01/21 23:54:38 WET [2025/01/21 18:54:38 ET]
Table 'Kraz IV' 6-max Seat #4 is the button
Seat 2: BGS013 ($100 in chips) is sitting out
Seat 6: Hubertdeal ($0 in chips) is sitting out
Seat 1: Espada Fish ($108.28 in chips) 
Seat 3: Tibibacsi ($100.50 in chips) 
Seat 4: ptolejmus ($20.45 in chips) 
Seat 5: ImaPeppaPig ($144.89 in chips) 
ImaPeppaPig: posts small blind $0.50
Espada Fish: posts big blind $1
BGS013: sits out 
*** HOLE CARDS ***
Tibibacsi: folds 
Hubertdeal is disconnected 
ptolejmus: raises $1 to $2
ImaPeppaPig: folds 
Espada Fish: calls $1
*** FLOP *** [Ah 8s Jh]
Espada Fish: checks 
ptolejmus: checks 
*** TURN *** [Ah 8s Jh] [Ac]
Espada Fish: checks 
ptolejmus: checks 
*** RIVER *** [Ah 8s Jh Ac] [5d]
Espada Fish: bets $3.21
ptolejmus: calls $3.21
*** SHOW DOWN ***
Espada Fish: shows [Js 9s] (two pair, Aces and Jacks)
ptolejmus: mucks hand 
Espada Fish collected $10.37 from pot
*** SUMMARY ***
Total pot $10.92 | Rake $0.55 
Board [Ah 8s Jh Ac 5d]
Seat 2: BGS013
Seat 6: Hubertdeal
Seat 1: Espada Fish (big blind) showed [Js 9s] and won ($10.37) with two pair, Aces and Jacks
Seat 3: Tibibacsi folded before Flop (didn't bet)
Seat 4: ptolejmus (button) mucked
Seat 5: ImaPeppaPig (small blind) folded before Flop



PokerStars Hand #254492589591:  Hold'em No Limit ($0.50/$1.00 USD) - 2025/01/21 23:56:11 WET [2025/01/21 18:56:11 ET]
Table 'Kraz IV' 6-max Seat #5 is the button
Seat 6: Hubertdeal ($0 in chips) is sitting out
Seat 1: Espada Fish ($113.44 in chips) 
Seat 2: BGS013 ($100 in chips) 
Seat 3: Tibibacsi ($100.50 in chips) 
Seat 4: ptolejmus ($15.24 in chips) 
Seat 5: ImaPeppaPig ($144.39 in chips) 
Espada Fish: posts small blind $0.50
BGS013: posts big blind $1
*** HOLE CARDS ***
Tibibacsi: folds 
Tibibacsi leaves the table
ptolejmus: raises $1 to $2
ImaPeppaPig: folds 
Espada Fish: folds 
BGS013: folds 
Uncalled bet ($1) returned to ptolejmus
ptolejmus collected $2.50 from pot
*** SUMMARY ***
Total pot $2.50 | Rake $0 
Seat 6: Hubertdeal
Seat 1: Espada Fish (small blind) folded before Flop
Seat 2: BGS013 (big blind) folded before Flop
Seat 3: Tibibacsi folded before Flop (didn't bet)
Seat 4: ptolejmus collected ($2.50)
Seat 5: ImaPeppaPig (button) folded before Flop (didn't bet)



PokerStars Hand #254492592138:  Hold'em No Limit ($0.50/$1.00 USD) - 2025/01/21 23:56:27 WET [2025/01/21 18:56:27 ET]
Table 'Kraz IV' 6-max Seat #1 is the button
Seat 4: ptolejmus ($16.74 in chips) is sitting out
Seat 6: Hubertdeal ($0 in chips) is sitting out
Seat 1: Espada Fish ($112.94 in chips) 
Seat 2: BGS013 ($100 in chips) 
Seat 5: ImaPeppaPig ($144.39 in chips) 
BGS013: posts small blind $0.50
ptolejmus: is sitting out 
ImaPeppaPig: posts big blind $1
*** HOLE CARDS ***
Espada Fish: folds 
BGS013: folds 
Uncalled bet ($0.50) returned to ImaPeppaPig
ImaPeppaPig collected $1 from pot
ImaPeppaPig: doesn't show hand 
*** SUMMARY ***
Total pot $1 | Rake $0 
Seat 4: ptolejmus
Seat 6: Hubertdeal
Seat 1: Espada Fish (button) folded before Flop (didn't bet)
Seat 2: BGS013 (small blind) folded before Flop
Seat 5: ImaPeppaPig (big blind) collected ($1)



