PokerStars Hand #254494308620:  Hold'em No Limit ($0.50/$1.00 USD) - 2025/01/21 2:41:06 WET [2025/01/21 21:41:06 ET]
Table 'Kastalia IV' 6-max Seat #6 is the button
Seat 1: BeauParleur ($102.50 in chips) 
Seat 2: 7bekon7 ($100 in chips) 
Seat 6: EasyGamerrr ($100 in chips) 
BeauParleur: posts small blind $0.50
7bekon7: posts big blind $1
*** HOLE CARDS ***
EasyGamerrr: folds 
BeauParleur: folds 
Uncalled bet ($0.50) returned to 7bekon7
7bekon7 collected $1 from pot
7bekon7: doesn't show hand 
*** SUMMARY ***
Total pot $1 | Rake $0 
Seat 1: BeauParleur (small blind) folded before Flop
Seat 2: 7bekon7 (big blind) collected ($1)
Seat 6: EasyGamerrr (button) folded before Flop (didn't bet)



PokerStars Hand #254494310146:  Hold'em No Limit ($0.50/$1.00 USD) - 2025/01/21 2:41:16 WET [2025/01/21 21:41:16 ET]
Table 'Kastalia IV' 6-max Seat #1 is the button
Seat 1: BeauParleur ($102 in chips) 
Seat 2: 7bekon7 ($100.50 in chips) 
Seat 6: EasyGamerrr ($100 in chips) 
7bekon7: posts small blind $0.50
EasyGamerrr: posts big blind $1
*** HOLE CARDS ***
BeauParleur: folds 
7bekon7: raises $2 to $3
EasyGamerrr: calls $2
*** FLOP *** [2h 5d 8d]
7bekon7: checks 
EasyGamerrr: bets $2.74
7bekon7: folds 
Uncalled bet ($2.74) returned to EasyGamerrr
EasyGamerrr collected $5.70 from pot
EasyGamerrr: doesn't show hand 
*** SUMMARY ***
Total pot $6 | Rake $0.30 
Board [2h 5d 8d]
Seat 1: BeauParleur (button) folded before Flop (didn't bet)
Seat 2: 7bekon7 (small blind) folded on the Flop
Seat 6: EasyGamerrr (big blind) collected ($5.70)



PokerStars Hand #254494315558:  Hold'em No Limit ($0.50/$1.00 USD) - 2025/01/21 2:41:54 WET [2025/01/21 21:41:54 ET]
Table 'Kastalia IV' 6-max Seat #2 is the button
Seat 6: EasyGamerrr ($102.70 in chips) is sitting out
Seat 1: BeauParleur ($102 in chips) 
Seat 2: 7bekon7 ($100 in chips) 
7bekon7: posts small blind $0.50
BeauParleur: posts big blind $1
*** HOLE CARDS ***
EasyGamerrr leaves the table
7bekon7: raises $2 to $3
BeauParleur: folds 
Uncalled bet ($2) returned to 7bekon7
7bekon7 collected $2 from pot
7bekon7: doesn't show hand 
*** SUMMARY ***
Total pot $2 | Rake $0 
Seat 6: EasyGamerrr
Seat 1: BeauParleur (big blind) folded before Flop
Seat 2: 7bekon7 (button) (small blind) collected ($2)



PokerStars Hand #254494328391:  Hold'em No Limit ($0.50/$1.00 USD) - 2025/01/21 2:43:23 WET [2025/01/21 21:43:23 ET]
Table 'Kastalia IV' 6-max Seat #3 is the button
Seat 1: BeauParleur ($101 in chips) 
Seat 2: wmarl90 ($86.85 in chips) 
Seat 3: YanMaster10 ($10 in chips) 
Seat 4: EasyGamerrr ($102.70 in chips) 
Seat 5: iTrustU21 ($10 in chips) 
Seat 6: Manifestorr ($100 in chips) 
EasyGamerrr: posts small blind $0.50
iTrustU21: posts big blind $1
*** HOLE CARDS ***
Manifestorr: raises $1.20 to $2.20
BeauParleur: folds 
wmarl90: folds 
YanMaster10: folds 
EasyGamerrr: folds 
iTrustU21: folds 
Uncalled bet ($1.20) returned to Manifestorr
Manifestorr collected $2.50 from pot
*** SUMMARY ***
Total pot $2.50 | Rake $0 
Seat 1: BeauParleur folded before Flop (didn't bet)
Seat 2: wmarl90 folded before Flop (didn't bet)
Seat 3: YanMaster10 (button) folded before Flop (didn't bet)
Seat 4: EasyGamerrr (small blind) folded before Flop
Seat 5: iTrustU21 (big blind) folded before Flop
Seat 6: Manifestorr collected ($2.50)



PokerStars Hand #254494330655:  Hold'em No Limit ($0.50/$1.00 USD) - 2025/01/21 2:43:39 WET [2025/01/21 21:43:39 ET]
Table 'Kastalia IV' 6-max Seat #4 is the button
Seat 1: BeauParleur ($101 in chips) 
Seat 2: wmarl90 ($86.85 in chips) 
Seat 3: YanMaster10 ($10 in chips) 
Seat 4: EasyGamerrr ($102.20 in chips) 
Seat 5: iTrustU21 ($100 in chips) 
Seat 6: Manifestorr ($101.50 in chips) 
iTrustU21: posts small blind $0.50
Manifestorr: posts big blind $1
*** HOLE CARDS ***
BeauParleur: folds 
wmarl90: folds 
YanMaster10: folds 
EasyGamerrr: folds 
iTrustU21: folds 
Uncalled bet ($0.50) returned to Manifestorr
Manifestorr collected $1 from pot
*** SUMMARY ***
Total pot $1 | Rake $0 
Seat 1: BeauParleur folded before Flop (didn't bet)
Seat 2: wmarl90 folded before Flop (didn't bet)
Seat 3: YanMaster10 folded before Flop (didn't bet)
Seat 4: EasyGamerrr (button) folded before Flop (didn't bet)
Seat 5: iTrustU21 (small blind) folded before Flop
Seat 6: Manifestorr (big blind) collected ($1)



PokerStars Hand #254494332919:  Hold'em No Limit ($0.50/$1.00 USD) - 2025/01/21 2:43:54 WET [2025/01/21 21:43:54 ET]
Table 'Kastalia IV' 6-max Seat #5 is the button
Seat 1: BeauParleur ($101 in chips) 
Seat 2: wmarl90 ($86.85 in chips) 
Seat 3: YanMaster10 ($10 in chips) 
Seat 4: EasyGamerrr ($102.20 in chips) 
Seat 5: iTrustU21 ($99.50 in chips) 
Seat 6: Manifestorr ($102 in chips) 
Manifestorr: posts small blind $0.50
BeauParleur: posts big blind $1
*** HOLE CARDS ***
wmarl90: folds 
YanMaster10: calls $1
EasyGamerrr: folds 
iTrustU21: folds 
Manifestorr: folds 
BeauParleur: checks 
*** FLOP *** [2c 5c 7d]
BeauParleur: checks 
YanMaster10: checks 
*** TURN *** [2c 5c 7d] [Qh]
BeauParleur: checks 
YanMaster10: checks 
*** RIVER *** [2c 5c 7d Qh] [Kh]
BeauParleur: checks 
YanMaster10: checks 
*** SHOW DOWN ***
BeauParleur: shows [Kd 8d] (a pair of Kings)
YanMaster10: mucks hand 
BeauParleur collected $2.38 from pot
*** SUMMARY ***
Total pot $2.50 | Rake $0.12 
Board [2c 5c 7d Qh Kh]
Seat 1: BeauParleur (big blind) showed [Kd 8d] and won ($2.38) with a pair of Kings
Seat 2: wmarl90 folded before Flop (didn't bet)
Seat 3: YanMaster10 mucked
Seat 4: EasyGamerrr folded before Flop (didn't bet)
Seat 5: iTrustU21 (button) folded before Flop (didn't bet)
Seat 6: Manifestorr (small blind) folded before Flop



PokerStars Hand #254494339163:  Hold'em No Limit ($0.50/$1.00 USD) - 2025/01/21 2:44:37 WET [2025/01/21 21:44:37 ET]
Table 'Kastalia IV' 6-max Seat #6 is the button
Seat 1: BeauParleur ($102.38 in chips) 
Seat 2: wmarl90 ($86.85 in chips) 
Seat 3: YanMaster10 ($9 in chips) 
Seat 4: EasyGamerrr ($102.20 in chips) 
Seat 5: iTrustU21 ($99.50 in chips) 
Seat 6: Manifestorr ($101.50 in chips) 
BeauParleur: posts small blind $0.50
wmarl90: posts big blind $1
*** HOLE CARDS ***
YanMaster10: calls $1
EasyGamerrr: raises $1.50 to $2.50
iTrustU21: folds 
Manifestorr: folds 
BeauParleur: folds 
wmarl90: folds 
YanMaster10: calls $1.50
*** FLOP *** [4h 3s 7c]
YanMaster10: checks 
EasyGamerrr: bets $12
YanMaster10: calls $6.50 and is all-in
Uncalled bet ($5.50) returned to EasyGamerrr
*** TURN *** [4h 3s 7c] [Kc]
*** RIVER *** [4h 3s 7c Kc] [5s]
*** SHOW DOWN ***
YanMaster10: shows [Tc Qc] (high card King)
EasyGamerrr: shows [Jh Ad] (high card Ace)
EasyGamerrr collected $18.52 from pot
*** SUMMARY ***
Total pot $19.50 | Rake $0.98 
Board [4h 3s 7c Kc 5s]
Seat 1: BeauParleur (small blind) folded before Flop
Seat 2: wmarl90 (big blind) folded before Flop
Seat 3: YanMaster10 showed [Tc Qc] and lost with high card King
Seat 4: EasyGamerrr showed [Jh Ad] and won ($18.52) with high card Ace
Seat 5: iTrustU21 folded before Flop (didn't bet)
Seat 6: Manifestorr (button) folded before Flop (didn't bet)



PokerStars Hand #254494344941:  Hold'em No Limit ($0.50/$1.00 USD) - 2025/01/21 2:45:18 WET [2025/01/21 21:45:18 ET]
Table 'Kastalia IV' 6-max Seat #1 is the button
Seat 3: YanMaster10 ($0 in chips) is sitting out
Seat 1: BeauParleur ($101.88 in chips) 
Seat 2: wmarl90 ($85.85 in chips) 
Seat 4: EasyGamerrr ($111.72 in chips) 
Seat 5: iTrustU21 ($99.50 in chips) 
Seat 6: Manifestorr ($101.50 in chips) 
wmarl90: posts small blind $0.50
EasyGamerrr: posts big blind $1
*** HOLE CARDS ***
iTrustU21: folds 
Manifestorr: folds 
BeauParleur: folds 
wmarl90: folds 
Uncalled bet ($0.50) returned to EasyGamerrr
EasyGamerrr collected $1 from pot
EasyGamerrr: doesn't show hand 
*** SUMMARY ***
Total pot $1 | Rake $0 
Seat 3: YanMaster10
Seat 1: BeauParleur (button) folded before Flop (didn't bet)
Seat 2: wmarl90 (small blind) folded before Flop
Seat 4: EasyGamerrr (big blind) collected ($1)
Seat 5: iTrustU21 folded before Flop (didn't bet)
Seat 6: Manifestorr folded before Flop (didn't bet)



PokerStars Hand #254494346657:  Hold'em No Limit ($0.50/$1.00 USD) - 2025/01/21 2:45:30 WET [2025/01/21 21:45:30 ET]
Table 'Kastalia IV' 6-max Seat #2 is the button
Seat 3: YanMaster10 ($10 in chips) is sitting out
Seat 1: BeauParleur ($101.88 in chips) 
Seat 2: wmarl90 ($85.35 in chips) 
Seat 4: EasyGamerrr ($112.22 in chips) 
Seat 5: iTrustU21 ($99.50 in chips) 
Seat 6: Manifestorr ($101.50 in chips) 
EasyGamerrr: posts small blind $0.50
iTrustU21: posts big blind $1
*** HOLE CARDS ***
Manifestorr: folds 
BeauParleur: folds 
wmarl90: raises $1.50 to $2.50
EasyGamerrr: folds 
iTrustU21: folds 
Uncalled bet ($1.50) returned to wmarl90
wmarl90 collected $2.50 from pot
wmarl90: doesn't show hand 
*** SUMMARY ***
Total pot $2.50 | Rake $0 
Seat 3: YanMaster10
Seat 1: BeauParleur folded before Flop (didn't bet)
Seat 2: wmarl90 (button) collected ($2.50)
Seat 4: EasyGamerrr (small blind) folded before Flop
Seat 5: iTrustU21 (big blind) folded before Flop
Seat 6: Manifestorr folded before Flop (didn't bet)



PokerStars Hand #254494349792:  Hold'em No Limit ($0.50/$1.00 USD) - 2025/01/21 2:45:52 WET [2025/01/21 21:45:52 ET]
Table 'Kastalia IV' 6-max Seat #4 is the button
Seat 1: BeauParleur ($101.88 in chips) 
Seat 2: wmarl90 ($86.85 in chips) 
Seat 3: YanMaster10 ($10 in chips) 
Seat 4: EasyGamerrr ($111.72 in chips) 
Seat 5: iTrustU21 ($100 in chips) 
Seat 6: Manifestorr ($101.50 in chips) 
iTrustU21: posts small blind $0.50
Manifestorr: posts big blind $1
YanMaster10: posts small & big blinds $1.50
*** HOLE CARDS ***
BeauParleur: folds 
wmarl90: folds 
YanMaster10: checks 
EasyGamerrr: folds 
iTrustU21: raises $3.50 to $4.50
Manifestorr: folds 
YanMaster10: calls $3.50
*** FLOP *** [Ah Th Qs]
iTrustU21: checks 
YanMaster10: checks 
*** TURN *** [Ah Th Qs] [7h]
iTrustU21: bets $5.50
YanMaster10: calls $5 and is all-in
Uncalled bet ($0.50) returned to iTrustU21
*** RIVER *** [Ah Th Qs 7h] [Jd]
*** SHOW DOWN ***
iTrustU21: shows [As Qd] (two pair, Aces and Queens)
YanMaster10: shows [6d 6c] (a pair of Sixes)
iTrustU21 collected $19.48 from pot
*** SUMMARY ***
Total pot $20.50 | Rake $1.02 
Board [Ah Th Qs 7h Jd]
Seat 1: BeauParleur folded before Flop (didn't bet)
Seat 2: wmarl90 folded before Flop (didn't bet)
Seat 3: YanMaster10 showed [6d 6c] and lost with a pair of Sixes
Seat 4: EasyGamerrr (button) folded before Flop (didn't bet)
Seat 5: iTrustU21 (small blind) showed [As Qd] and won ($19.48) with two pair, Aces and Queens
Seat 6: Manifestorr (big blind) folded before Flop



PokerStars Hand #254494355210:  Hold'em No Limit ($0.50/$1.00 USD) - 2025/01/21 2:46:31 WET [2025/01/21 21:46:31 ET]
Table 'Kastalia IV' 6-max Seat #5 is the button
Seat 3: YanMaster10 ($0 in chips) is sitting out
Seat 1: BeauParleur ($101.88 in chips) 
Seat 2: wmarl90 ($86.85 in chips) 
Seat 4: EasyGamerrr ($111.72 in chips) 
Seat 5: iTrustU21 ($109.98 in chips) 
Seat 6: Manifestorr ($100.50 in chips) 
Manifestorr: posts small blind $0.50
BeauParleur: posts big blind $1
*** HOLE CARDS ***
wmarl90: folds 
EasyGamerrr: raises $1.50 to $2.50
iTrustU21: folds 
Manifestorr: folds 
BeauParleur: folds 
Uncalled bet ($1.50) returned to EasyGamerrr
EasyGamerrr collected $2.50 from pot
EasyGamerrr: doesn't show hand 
*** SUMMARY ***
Total pot $2.50 | Rake $0 
Seat 3: YanMaster10
Seat 1: BeauParleur (big blind) folded before Flop
Seat 2: wmarl90 folded before Flop (didn't bet)
Seat 4: EasyGamerrr collected ($2.50)
Seat 5: iTrustU21 (button) folded before Flop (didn't bet)
Seat 6: Manifestorr (small blind) folded before Flop



PokerStars Hand #254494357712:  Hold'em No Limit ($0.50/$1.00 USD) - 2025/01/21 2:46:49 WET [2025/01/21 21:46:49 ET]
Table 'Kastalia IV' 6-max Seat #6 is the button
Seat 1: BeauParleur ($100.88 in chips) 
Seat 2: wmarl90 ($86.85 in chips) 
Seat 3: YanMaster10 ($21.01 in chips) 
Seat 4: EasyGamerrr ($113.22 in chips) 
Seat 5: iTrustU21 ($109.98 in chips) 
Seat 6: Manifestorr ($100 in chips) 
BeauParleur: posts small blind $0.50
wmarl90: posts big blind $1
*** HOLE CARDS ***
YanMaster10: calls $1
EasyGamerrr: folds 
iTrustU21: raises $3 to $4
Manifestorr: folds 
BeauParleur: folds 
wmarl90: calls $3
YanMaster10: raises $17.01 to $21.01 and is all-in
iTrustU21: raises $88.97 to $109.98 and is all-in
wmarl90: folds 
Uncalled bet ($88.97) returned to iTrustU21
*** FLOP *** [As 4c 9d]
*** TURN *** [As 4c 9d] [Qd]
*** RIVER *** [As 4c 9d Qd] [5h]
*** SHOW DOWN ***
YanMaster10: shows [Kc 8c] (high card Ace)
iTrustU21: shows [Th Td] (a pair of Tens)
iTrustU21 collected $44.19 from pot
YanMaster10 is disconnected 
*** SUMMARY ***
Total pot $46.52 | Rake $2.33 
Board [As 4c 9d Qd 5h]
Seat 1: BeauParleur (small blind) folded before Flop
Seat 2: wmarl90 (big blind) folded before Flop
Seat 3: YanMaster10 showed [Kc 8c] and lost with high card Ace
Seat 4: EasyGamerrr folded before Flop (didn't bet)
Seat 5: iTrustU21 showed [Th Td] and won ($44.19) with a pair of Tens
Seat 6: Manifestorr (button) folded before Flop (didn't bet)



PokerStars Hand #254494364000:  Hold'em No Limit ($0.50/$1.00 USD) - 2025/01/21 2:47:34 WET [2025/01/21 21:47:34 ET]
Table 'Kastalia IV' 6-max Seat #1 is the button
Seat 3: YanMaster10 ($0 in chips) is sitting out
Seat 1: BeauParleur ($100.38 in chips) 
Seat 2: wmarl90 ($82.85 in chips) 
Seat 4: EasyGamerrr ($113.22 in chips) 
Seat 5: iTrustU21 ($133.16 in chips) 
Seat 6: Manifestorr ($100 in chips) 
wmarl90: posts small blind $0.50
EasyGamerrr: posts big blind $1
*** HOLE CARDS ***
iTrustU21: folds 
Manifestorr: folds 
BeauParleur: raises $1.50 to $2.50
wmarl90: folds 
EasyGamerrr: folds 
Uncalled bet ($1.50) returned to BeauParleur
BeauParleur collected $2.50 from pot
BeauParleur: doesn't show hand 
*** SUMMARY ***
Total pot $2.50 | Rake $0 
Seat 3: YanMaster10
Seat 1: BeauParleur (button) collected ($2.50)
Seat 2: wmarl90 (small blind) folded before Flop
Seat 4: EasyGamerrr (big blind) folded before Flop
Seat 5: iTrustU21 folded before Flop (didn't bet)
Seat 6: Manifestorr folded before Flop (didn't bet)



PokerStars Hand #254494367302:  Hold'em No Limit ($0.50/$1.00 USD) - 2025/01/21 2:47:57 WET [2025/01/21 21:47:57 ET]
Table 'Kastalia IV' 6-max Seat #2 is the button
Seat 3: YanMaster10 ($0 in chips) is sitting out
Seat 1: BeauParleur ($101.88 in chips) 
Seat 2: wmarl90 ($82.35 in chips) 
Seat 4: EasyGamerrr ($112.22 in chips) 
Seat 5: iTrustU21 ($133.16 in chips) 
Seat 6: Manifestorr ($100 in chips) 
EasyGamerrr: posts small blind $0.50
iTrustU21: posts big blind $1
*** HOLE CARDS ***
Manifestorr: folds 
BeauParleur: raises $1.25 to $2.25
wmarl90: folds 
EasyGamerrr: folds 
iTrustU21: calls $1.25
*** FLOP *** [4c 3s Kc]
iTrustU21: checks 
BeauParleur: bets $1.57
iTrustU21: raises $5.43 to $7
BeauParleur: folds 
Uncalled bet ($5.43) returned to iTrustU21
iTrustU21 collected $7.73 from pot
iTrustU21: doesn't show hand 
*** SUMMARY ***
Total pot $8.14 | Rake $0.41 
Board [4c 3s Kc]
Seat 3: YanMaster10
Seat 1: BeauParleur folded on the Flop
Seat 2: wmarl90 (button) folded before Flop (didn't bet)
Seat 4: EasyGamerrr (small blind) folded before Flop
Seat 5: iTrustU21 (big blind) collected ($7.73)
Seat 6: Manifestorr folded before Flop (didn't bet)



PokerStars Hand #254494377286:  Hold'em No Limit ($0.50/$1.00 USD) - 2025/01/21 2:49:08 WET [2025/01/21 21:49:08 ET]
Table 'Kastalia IV' 6-max Seat #4 is the button
Seat 3: YanMaster10 ($0 in chips) is sitting out
Seat 1: BeauParleur ($100 in chips) 
Seat 2: wmarl90 ($82.35 in chips) 
Seat 4: EasyGamerrr ($111.72 in chips) 
Seat 5: iTrustU21 ($137.07 in chips) 
Seat 6: Manifestorr ($100 in chips) 
iTrustU21: posts small blind $0.50
Manifestorr: posts big blind $1
*** HOLE CARDS ***
BeauParleur: folds 
wmarl90: folds 
EasyGamerrr: folds 
iTrustU21: folds 
Uncalled bet ($0.50) returned to Manifestorr
Manifestorr collected $1 from pot
*** SUMMARY ***
Total pot $1 | Rake $0 
Seat 3: YanMaster10
Seat 1: BeauParleur folded before Flop (didn't bet)
Seat 2: wmarl90 folded before Flop (didn't bet)
Seat 4: EasyGamerrr (button) folded before Flop (didn't bet)
Seat 5: iTrustU21 (small blind) folded before Flop
Seat 6: Manifestorr (big blind) collected ($1)



PokerStars Hand #254494378833:  Hold'em No Limit ($0.50/$1.00 USD) - 2025/01/21 2:49:19 WET [2025/01/21 21:49:19 ET]
Table 'Kastalia IV' 6-max Seat #5 is the button
Seat 3: YanMaster10 ($0 in chips) is sitting out
Seat 1: BeauParleur ($100 in chips) 
Seat 2: wmarl90 ($82.35 in chips) 
Seat 4: EasyGamerrr ($111.72 in chips) 
Seat 5: iTrustU21 ($136.57 in chips) 
Seat 6: Manifestorr ($100.50 in chips) 
Manifestorr: posts small blind $0.50
BeauParleur: posts big blind $1
*** HOLE CARDS ***
wmarl90: raises $2 to $3
EasyGamerrr: folds 
iTrustU21: folds 
Manifestorr: folds 
BeauParleur: folds 
Uncalled bet ($2) returned to wmarl90
wmarl90 collected $2.50 from pot
wmarl90: doesn't show hand 
*** SUMMARY ***
Total pot $2.50 | Rake $0 
Seat 3: YanMaster10
Seat 1: BeauParleur (big blind) folded before Flop
Seat 2: wmarl90 collected ($2.50)
Seat 4: EasyGamerrr folded before Flop (didn't bet)
Seat 5: iTrustU21 (button) folded before Flop (didn't bet)
Seat 6: Manifestorr (small blind) folded before Flop



PokerStars Hand #254494381479:  Hold'em No Limit ($0.50/$1.00 USD) - 2025/01/21 2:49:37 WET [2025/01/21 21:49:37 ET]
Table 'Kastalia IV' 6-max Seat #6 is the button
Seat 3: YanMaster10 ($0 in chips) is sitting out
Seat 1: BeauParleur ($100 in chips) 
Seat 2: wmarl90 ($83.85 in chips) 
Seat 4: EasyGamerrr ($111.72 in chips) 
Seat 5: iTrustU21 ($136.57 in chips) 
Seat 6: Manifestorr ($100 in chips) 
BeauParleur: posts small blind $0.50
wmarl90: posts big blind $1
*** HOLE CARDS ***
EasyGamerrr: folds 
iTrustU21: folds 
Manifestorr: folds 
BeauParleur: folds 
Uncalled bet ($0.50) returned to wmarl90
wmarl90 collected $1 from pot
*** SUMMARY ***
Total pot $1 | Rake $0 
Seat 3: YanMaster10
Seat 1: BeauParleur (small blind) folded before Flop
Seat 2: wmarl90 (big blind) collected ($1)
Seat 4: EasyGamerrr folded before Flop (didn't bet)
Seat 5: iTrustU21 folded before Flop (didn't bet)
Seat 6: Manifestorr (button) folded before Flop (didn't bet)



PokerStars Hand #254494383278:  Hold'em No Limit ($0.50/$1.00 USD) - 2025/01/21 2:49:50 WET [2025/01/21 21:49:50 ET]
Table 'Kastalia IV' 6-max Seat #1 is the button
Seat 3: YanMaster10 ($0 in chips) is sitting out
Seat 1: BeauParleur ($100 in chips) 
Seat 2: wmarl90 ($84.35 in chips) 
Seat 4: EasyGamerrr ($111.72 in chips) 
Seat 5: iTrustU21 ($136.57 in chips) 
Seat 6: Manifestorr ($100 in chips) 
wmarl90: posts small blind $0.50
EasyGamerrr: posts big blind $1
*** HOLE CARDS ***
iTrustU21: folds 
Manifestorr: folds 
BeauParleur: raises $1.50 to $2.50
wmarl90: folds 
EasyGamerrr: calls $1.50
*** FLOP *** [5d 2s 4d]
EasyGamerrr: checks 
BeauParleur: checks 
*** TURN *** [5d 2s 4d] [7d]
EasyGamerrr: bets $2.09
BeauParleur: calls $2.09
*** RIVER *** [5d 2s 4d 7d] [6c]
EasyGamerrr: checks 
BeauParleur: checks 
*** SHOW DOWN ***
EasyGamerrr: shows [5c Ah] (a pair of Fives)
BeauParleur: mucks hand 
EasyGamerrr collected $9.20 from pot
*** SUMMARY ***
Total pot $9.68 | Rake $0.48 
Board [5d 2s 4d 7d 6c]
Seat 3: YanMaster10
Seat 1: BeauParleur (button) mucked
Seat 2: wmarl90 (small blind) folded before Flop
Seat 4: EasyGamerrr (big blind) showed [5c Ah] and won ($9.20) with a pair of Fives
Seat 5: iTrustU21 folded before Flop (didn't bet)
Seat 6: Manifestorr folded before Flop (didn't bet)



PokerStars Hand #254494392727:  Hold'em No Limit ($0.50/$1.00 USD) - 2025/01/21 2:50:56 WET [2025/01/21 21:50:56 ET]
Table 'Kastalia IV' 6-max Seat #2 is the button
Seat 3: YanMaster10 ($0 in chips) is sitting out
Seat 5: iTrustU21 ($136.57 in chips) is sitting out
Seat 6: Manifestorr ($100 in chips) is sitting out
Seat 1: BeauParleur ($100 in chips) 
Seat 2: wmarl90 ($83.85 in chips) 
Seat 4: EasyGamerrr ($116.33 in chips) 
EasyGamerrr: posts small blind $0.50
iTrustU21: is sitting out 
Manifestorr: is sitting out 
BeauParleur: posts big blind $1
*** HOLE CARDS ***
iTrustU21 leaves the table
wmarl90: raises $1.50 to $2.50
Manifestorr leaves the table
Xenicide joins the table at seat #5 
EasyGamerrr: folds 
BeauParleur: folds 
Uncalled bet ($1.50) returned to wmarl90
wmarl90 collected $2.50 from pot
*** SUMMARY ***
Total pot $2.50 | Rake $0 
Seat 3: YanMaster10
Seat 5: iTrustU21
Seat 6: Manifestorr
Seat 1: BeauParleur (big blind) folded before Flop
Seat 2: wmarl90 (button) collected ($2.50)
Seat 4: EasyGamerrr (small blind) folded before Flop



PokerStars Hand #254494395300:  Hold'em No Limit ($0.50/$1.00 USD) - 2025/01/21 2:51:14 WET [2025/01/21 21:51:14 ET]
Table 'Kastalia IV' 6-max Seat #4 is the button
Seat 3: YanMaster10 ($0 in chips) is sitting out
Seat 5: Xenicide ($100 in chips) is sitting out
Seat 1: BeauParleur ($100 in chips) 
Seat 2: wmarl90 ($85.35 in chips) 
Seat 4: EasyGamerrr ($115.83 in chips) 
BeauParleur: posts small blind $0.50
wmarl90: posts big blind $1
*** HOLE CARDS ***
EasyGamerrr: raises $1.50 to $2.50
BeauParleur: folds 
wmarl90: folds 
Uncalled bet ($1.50) returned to EasyGamerrr
EasyGamerrr collected $2.50 from pot
EasyGamerrr: doesn't show hand 
*** SUMMARY ***
Total pot $2.50 | Rake $0 
Seat 3: YanMaster10
Seat 5: Xenicide
Seat 1: BeauParleur (small blind) folded before Flop
Seat 2: wmarl90 (big blind) folded before Flop
Seat 4: EasyGamerrr (button) collected ($2.50)



PokerStars Hand #254494397179:  Hold'em No Limit ($0.50/$1.00 USD) - 2025/01/21 2:51:27 WET [2025/01/21 21:51:27 ET]
Table 'Kastalia IV' 6-max Seat #1 is the button
Seat 3: YanMaster10 ($0 in chips) is sitting out
Seat 5: Xenicide ($100 in chips) is sitting out
Seat 1: BeauParleur ($100 in chips) 
Seat 2: wmarl90 ($84.35 in chips) 
Seat 4: EasyGamerrr ($117.33 in chips) 
wmarl90: posts small blind $0.50
EasyGamerrr: posts big blind $1
Xenicide: sits out 
*** HOLE CARDS ***
BeauParleur: folds 
wmarl90: raises $2 to $3
EasyGamerrr: calls $2
*** FLOP *** [Ks 5h 2c]
wmarl90: bets $2.85
EasyGamerrr: calls $2.85
*** TURN *** [Ks 5h 2c] [8h]
wmarl90: checks 
EasyGamerrr: bets $8.34
wmarl90: folds 
Uncalled bet ($8.34) returned to EasyGamerrr
EasyGamerrr collected $11.12 from pot
EasyGamerrr: doesn't show hand 
*** SUMMARY ***
Total pot $11.70 | Rake $0.58 
Board [Ks 5h 2c 8h]
Seat 3: YanMaster10
Seat 5: Xenicide
Seat 1: BeauParleur (button) folded before Flop (didn't bet)
Seat 2: wmarl90 (small blind) folded on the Turn
Seat 4: EasyGamerrr (big blind) collected ($11.12)



PokerStars Hand #254494403470:  Hold'em No Limit ($0.50/$1.00 USD) - 2025/01/21 2:52:12 WET [2025/01/21 21:52:12 ET]
Table 'Kastalia IV' 6-max Seat #2 is the button
Seat 3: YanMaster10 ($0 in chips) is sitting out
Seat 1: BeauParleur ($100 in chips) 
Seat 2: wmarl90 ($78.50 in chips) 
Seat 4: EasyGamerrr ($122.60 in chips) 
Seat 5: Xenicide ($100 in chips) 
EasyGamerrr: posts small blind $0.50
Xenicide: posts big blind $1
*** HOLE CARDS ***
BeauParleur: folds 
wmarl90: raises $2 to $3
EasyGamerrr: raises $8 to $11
Xenicide: folds 
wmarl90: folds 
Uncalled bet ($8) returned to EasyGamerrr
EasyGamerrr collected $7 from pot
EasyGamerrr: doesn't show hand 
*** SUMMARY ***
Total pot $7 | Rake $0 
Seat 3: YanMaster10
Seat 1: BeauParleur folded before Flop (didn't bet)
Seat 2: wmarl90 (button) folded before Flop
Seat 4: EasyGamerrr (small blind) collected ($7)
Seat 5: Xenicide (big blind) folded before Flop



PokerStars Hand #254494407285:  Hold'em No Limit ($0.50/$1.00 USD) - 2025/01/21 2:52:40 WET [2025/01/21 21:52:40 ET]
Table 'Kastalia IV' 6-max Seat #4 is the button
Seat 3: YanMaster10 ($0 in chips) is sitting out
Seat 1: BeauParleur ($100 in chips) 
Seat 2: wmarl90 ($75.50 in chips) 
Seat 4: EasyGamerrr ($126.60 in chips) 
Seat 5: Xenicide ($100 in chips) 
Xenicide: posts small blind $0.50
BeauParleur: posts big blind $1
*** HOLE CARDS ***
wmarl90: folds 
EasyGamerrr: folds 
Xenicide: raises $2.50 to $3.50
BeauParleur: folds 
Uncalled bet ($2.50) returned to Xenicide
Xenicide collected $2 from pot
*** SUMMARY ***
Total pot $2 | Rake $0 
Seat 3: YanMaster10
Seat 1: BeauParleur (big blind) folded before Flop
Seat 2: wmarl90 folded before Flop (didn't bet)
Seat 4: EasyGamerrr (button) folded before Flop (didn't bet)
Seat 5: Xenicide (small blind) collected ($2)



PokerStars Hand #254494409383:  Hold'em No Limit ($0.50/$1.00 USD) - 2025/01/21 2:52:54 WET [2025/01/21 21:52:54 ET]
Table 'Kastalia IV' 6-max Seat #5 is the button
Seat 3: YanMaster10 ($0 in chips) is sitting out
Seat 1: BeauParleur ($100 in chips) 
Seat 2: wmarl90 ($75.50 in chips) 
Seat 4: EasyGamerrr ($126.60 in chips) 
Seat 5: Xenicide ($101 in chips) 
BeauParleur: posts small blind $0.50
wmarl90: posts big blind $1
*** HOLE CARDS ***
EasyGamerrr: raises $1.50 to $2.50
Xenicide: folds 
BeauParleur: folds 
wmarl90: calls $1.50
*** FLOP *** [5d Qh Ah]
wmarl90: checks 
joaquin612 joins the table at seat #6 
EasyGamerrr: bets $1.88
wmarl90: calls $1.88
*** TURN *** [5d Qh Ah] [3d]
wmarl90: checks 
EasyGamerrr: checks 
*** RIVER *** [5d Qh Ah 3d] [6c]
wmarl90: bets $5.40
EasyGamerrr: folds 
Uncalled bet ($5.40) returned to wmarl90
wmarl90 collected $8.80 from pot
wmarl90: doesn't show hand 
*** SUMMARY ***
Total pot $9.26 | Rake $0.46 
Board [5d Qh Ah 3d 6c]
Seat 3: YanMaster10
Seat 1: BeauParleur (small blind) folded before Flop
Seat 2: wmarl90 (big blind) collected ($8.80)
Seat 4: EasyGamerrr folded on the River
Seat 5: Xenicide (button) folded before Flop (didn't bet)



PokerStars Hand #254494420707:  Hold'em No Limit ($0.50/$1.00 USD) - 2025/01/21 2:54:16 WET [2025/01/21 21:54:16 ET]
Table 'Kastalia IV' 6-max Seat #1 is the button
Seat 3: YanMaster10 ($0 in chips) is sitting out
Seat 4: EasyGamerrr ($122.22 in chips) is sitting out
Seat 6: joaquin612 ($100 in chips) is sitting out
Seat 1: BeauParleur ($100 in chips) 
Seat 2: wmarl90 ($79.92 in chips) 
Seat 5: Xenicide ($101 in chips) 
wmarl90: posts small blind $0.50
EasyGamerrr: is sitting out 
Xenicide: posts big blind $1
joaquin612: sits out 
*** HOLE CARDS ***
EasyGamerrr leaves the table
BeauParleur has timed out
BeauParleur: folds 
wmarl90: raises $2 to $3
Xenicide: calls $2
*** FLOP *** [Ad 3c 4d]
wmarl90: checks 
Xenicide: bets $1.43
wmarl90: calls $1.43
*** TURN *** [Ad 3c 4d] [2d]
wmarl90: checks 
Xenicide: bets $2.61
wmarl90: calls $2.61
*** RIVER *** [Ad 3c 4d 2d] [4s]
wmarl90: checks 
Xenicide: bets $4.15
wmarl90: calls $4.15
*** SHOW DOWN ***
Xenicide: shows [7c 4c] (three of a kind, Fours)
wmarl90: mucks hand 
Xenicide collected $21.38 from pot
YanMaster10 leaves the table
*** SUMMARY ***
Total pot $22.38 | Rake $1 
Board [Ad 3c 4d 2d 4s]
Seat 3: YanMaster10
Seat 4: EasyGamerrr
Seat 6: joaquin612
Seat 1: BeauParleur (button) folded before Flop (didn't bet)
Seat 2: wmarl90 (small blind) mucked
Seat 5: Xenicide (big blind) showed [7c 4c] and won ($21.38) with three of a kind, Fours



PokerStars Hand #254494428878:  Hold'em No Limit ($0.50/$1.00 USD) - 2025/01/21 2:55:20 WET [2025/01/21 21:55:20 ET]
Table 'Kastalia IV' 6-max Seat #2 is the button
Seat 1: BeauParleur ($100 in chips) 
Seat 2: wmarl90 ($68.73 in chips) 
Seat 5: Xenicide ($111.19 in chips) 
Seat 6: joaquin612 ($100 in chips) 
Xenicide: posts small blind $0.50
joaquin612: posts big blind $1
*** HOLE CARDS ***
BeauParleur: raises $1.25 to $2.25
wmarl90: calls $2.25
Xenicide: folds 
joaquin612: calls $1.25
*** FLOP *** [2s 6h Ks]
joaquin612: checks 
BeauParleur: checks 
wmarl90: checks 
*** TURN *** [2s 6h Ks] [4d]
joaquin612: checks 
vezis3 joins the table at seat #4 
BeauParleur: bets $3.45
wmarl90: folds 
joaquin612: folds 
Uncalled bet ($3.45) returned to BeauParleur
BeauParleur collected $6.89 from pot
BeauParleur: doesn't show hand 
*** SUMMARY ***
Total pot $7.25 | Rake $0.36 
Board [2s 6h Ks 4d]
Seat 1: BeauParleur collected ($6.89)
Seat 2: wmarl90 (button) folded on the Turn
Seat 5: Xenicide (small blind) folded before Flop
Seat 6: joaquin612 (big blind) folded on the Turn



PokerStars Hand #254494437021:  Hold'em No Limit ($0.50/$1.00 USD) - 2025/01/21 2:56:36 WET [2025/01/21 21:56:36 ET]
Table 'Kastalia IV' 6-max Seat #5 is the button
Seat 4: vezis3 ($100 in chips) is sitting out
Seat 1: BeauParleur ($104.64 in chips) 
Seat 2: wmarl90 ($66.48 in chips) 
Seat 5: Xenicide ($110.69 in chips) 
Seat 6: joaquin612 ($100 in chips) 
joaquin612: posts small blind $0.50
BeauParleur: posts big blind $1
vezis3: sits out 
*** HOLE CARDS ***
wmarl90: folds 
Xenicide: raises $1.25 to $2.25
joaquin612: folds 
BeauParleur: folds 
Uncalled bet ($1.25) returned to Xenicide
Xenicide collected $2.50 from pot
*** SUMMARY ***
Total pot $2.50 | Rake $0 
Seat 4: vezis3
Seat 1: BeauParleur (big blind) folded before Flop
Seat 2: wmarl90 folded before Flop (didn't bet)
Seat 5: Xenicide (button) collected ($2.50)
Seat 6: joaquin612 (small blind) folded before Flop



PokerStars Hand #254494439922:  Hold'em No Limit ($0.50/$1.00 USD) - 2025/01/21 2:57:04 WET [2025/01/21 21:57:04 ET]
Table 'Kastalia IV' 6-max Seat #6 is the button
Seat 4: vezis3 ($100 in chips) is sitting out
Seat 1: BeauParleur ($103.64 in chips) 
Seat 2: wmarl90 ($66.48 in chips) 
Seat 5: Xenicide ($112.19 in chips) 
Seat 6: joaquin612 ($100 in chips) 
BeauParleur: posts small blind $0.50
wmarl90: posts big blind $1
vezis3: sits out 
*** HOLE CARDS ***
Xenicide: folds 
joaquin612: raises $1.50 to $2.50
BeauParleur: folds 
wmarl90: calls $1.50
*** FLOP *** [7s Kd 3s]
wmarl90: checks 
joaquin612: bets $2.87
wmarl90: folds 
Uncalled bet ($2.87) returned to joaquin612
joaquin612 collected $5.22 from pot
joaquin612: doesn't show hand 
*** SUMMARY ***
Total pot $5.50 | Rake $0.28 
Board [7s Kd 3s]
Seat 4: vezis3
Seat 1: BeauParleur (small blind) folded before Flop
Seat 2: wmarl90 (big blind) folded on the Flop
Seat 5: Xenicide folded before Flop (didn't bet)
Seat 6: joaquin612 (button) collected ($5.22)



PokerStars Hand #254494442803:  Hold'em No Limit ($0.50/$1.00 USD) - 2025/01/21 2:57:30 WET [2025/01/21 21:57:30 ET]
Table 'Kastalia IV' 6-max Seat #1 is the button
Seat 1: BeauParleur ($103.14 in chips) 
Seat 2: wmarl90 ($63.98 in chips) 
Seat 4: vezis3 ($100 in chips) 
Seat 5: Xenicide ($112.19 in chips) 
Seat 6: joaquin612 ($102.72 in chips) 
wmarl90: posts small blind $0.50
vezis3: posts big blind $1
*** HOLE CARDS ***
Xenicide: folds 
joaquin612: folds 
BeauParleur: folds 
wmarl90: folds 
Uncalled bet ($0.50) returned to vezis3
vezis3 collected $1 from pot
vezis3: doesn't show hand 
*** SUMMARY ***
Total pot $1 | Rake $0 
Seat 1: BeauParleur (button) folded before Flop (didn't bet)
Seat 2: wmarl90 (small blind) folded before Flop
Seat 4: vezis3 (big blind) collected ($1)
Seat 5: Xenicide folded before Flop (didn't bet)
Seat 6: joaquin612 folded before Flop (didn't bet)



PokerStars Hand #254494444090:  Hold'em No Limit ($0.50/$1.00 USD) - 2025/01/21 2:57:42 WET [2025/01/21 21:57:42 ET]
Table 'Kastalia IV' 6-max Seat #2 is the button
Seat 1: BeauParleur ($103.14 in chips) 
Seat 2: wmarl90 ($63.48 in chips) 
Seat 4: vezis3 ($100.50 in chips) 
Seat 5: Xenicide ($112.19 in chips) 
Seat 6: joaquin612 ($102.72 in chips) 
vezis3: posts small blind $0.50
Xenicide: posts big blind $1
*** HOLE CARDS ***
joaquin612: folds 
BeauParleur: raises $1.25 to $2.25
wmarl90: folds 
vezis3: folds 
Xenicide: folds 
Uncalled bet ($1.25) returned to BeauParleur
BeauParleur collected $2.50 from pot
BeauParleur: doesn't show hand 
*** SUMMARY ***
Total pot $2.50 | Rake $0 
Seat 1: BeauParleur collected ($2.50)
Seat 2: wmarl90 (button) folded before Flop (didn't bet)
Seat 4: vezis3 (small blind) folded before Flop
Seat 5: Xenicide (big blind) folded before Flop
Seat 6: joaquin612 folded before Flop (didn't bet)



PokerStars Hand #254494446364:  Hold'em No Limit ($0.50/$1.00 USD) - 2025/01/21 2:58:03 WET [2025/01/21 21:58:03 ET]
Table 'Kastalia IV' 6-max Seat #4 is the button
Seat 1: BeauParleur ($104.64 in chips) 
Seat 2: wmarl90 ($63.48 in chips) 
Seat 4: vezis3 ($100 in chips) 
Seat 5: Xenicide ($111.19 in chips) 
Seat 6: joaquin612 ($102.72 in chips) 
Xenicide: posts small blind $0.50
joaquin612: posts big blind $1
*** HOLE CARDS ***
BeauParleur: folds 
wmarl90: raises $1.50 to $2.50
vezis3: folds 
Xenicide: folds 
joaquin612: calls $1.50
*** FLOP *** [5s 5h Qh]
joaquin612: checks 
wmarl90: bets $2.61
joaquin612: calls $2.61
*** TURN *** [5s 5h Qh] [Th]
joaquin612: checks 
wmarl90: bets $5.09
joaquin612: raises $9.41 to $14.50
wmarl90: folds 
Uncalled bet ($9.41) returned to joaquin612
joaquin612 collected $19.86 from pot
joaquin612: doesn't show hand 
*** SUMMARY ***
Total pot $20.90 | Rake $1.04 
Board [5s 5h Qh Th]
Seat 1: BeauParleur folded before Flop (didn't bet)
Seat 2: wmarl90 folded on the Turn
Seat 4: vezis3 (button) folded before Flop (didn't bet)
Seat 5: Xenicide (small blind) folded before Flop
Seat 6: joaquin612 (big blind) collected ($19.86)



PokerStars Hand #254494451612:  Hold'em No Limit ($0.50/$1.00 USD) - 2025/01/21 2:58:51 WET [2025/01/21 21:58:51 ET]
Table 'Kastalia IV' 6-max Seat #5 is the button
Seat 1: BeauParleur ($104.64 in chips) 
Seat 2: wmarl90 ($53.28 in chips) 
Seat 4: vezis3 ($100 in chips) 
Seat 5: Xenicide ($110.69 in chips) 
Seat 6: joaquin612 ($112.38 in chips) 
joaquin612: posts small blind $0.50
BeauParleur: posts big blind $1
*** HOLE CARDS ***
wmarl90: raises $1.50 to $2.50
vezis3: folds 
Xenicide: calls $2.50
joaquin612: folds 
BeauParleur: folds 
*** FLOP *** [8h 9d 4s]
wmarl90: bets $3.09
Xenicide: calls $3.09
*** TURN *** [8h 9d 4s] [8d]
wmarl90: bets $6.03
Xenicide: calls $6.03
*** RIVER *** [8h 9d 4s 8d] [Th]
wmarl90: checks 
Xenicide: checks 
*** SHOW DOWN ***
wmarl90: shows [Kd 9c] (two pair, Nines and Eights)
Xenicide: mucks hand 
wmarl90 collected $23.50 from pot
*** SUMMARY ***
Total pot $24.74 | Rake $1.24 
Board [8h 9d 4s 8d Th]
Seat 1: BeauParleur (big blind) folded before Flop
Seat 2: wmarl90 showed [Kd 9c] and won ($23.50) with two pair, Nines and Eights
Seat 4: vezis3 folded before Flop (didn't bet)
Seat 5: Xenicide (button) mucked
Seat 6: joaquin612 (small blind) folded before Flop



PokerStars Hand #254494457367:  Hold'em No Limit ($0.50/$1.00 USD) - 2025/01/21 2:59:45 WET [2025/01/21 21:59:45 ET]
Table 'Kastalia IV' 6-max Seat #6 is the button
Seat 1: BeauParleur ($103.64 in chips) 
Seat 2: wmarl90 ($65.16 in chips) 
Seat 4: vezis3 ($100 in chips) 
Seat 5: Xenicide ($100 in chips) 
Seat 6: joaquin612 ($111.88 in chips) 
BeauParleur: posts small blind $0.50
wmarl90: posts big blind $1
*** HOLE CARDS ***
vezis3: folds 
Xenicide: raises $1 to $2
joaquin612: folds 
BeauParleur: folds 
wmarl90: calls $1
*** FLOP *** [3c Qs 9d]
wmarl90: checks 
Xenicide: bets $1.33
wmarl90: calls $1.33
*** TURN *** [3c Qs 9d] [Th]
p0pa4poker joins the table at seat #3 
wmarl90: checks 
Xenicide: checks 
*** RIVER *** [3c Qs 9d Th] [Qh]
wmarl90: checks 
Xenicide: bets $9.18
wmarl90: folds 
Uncalled bet ($9.18) returned to Xenicide
Xenicide collected $6.80 from pot
Xenicide: doesn't show hand 
*** SUMMARY ***
Total pot $7.16 | Rake $0.36 
Board [3c Qs 9d Th Qh]
Seat 1: BeauParleur (small blind) folded before Flop
Seat 2: wmarl90 (big blind) folded on the River
Seat 4: vezis3 folded before Flop (didn't bet)
Seat 5: Xenicide collected ($6.80)
Seat 6: joaquin612 (button) folded before Flop (didn't bet)



PokerStars Hand #254494461296:  Hold'em No Limit ($0.50/$1.00 USD) - 2025/01/21 3:00:18 WET [2025/01/21 22:00:18 ET]
Table 'Kastalia IV' 6-max Seat #1 is the button
Seat 1: BeauParleur ($103.14 in chips) 
Seat 2: wmarl90 ($61.83 in chips) 
Seat 3: p0pa4poker ($100 in chips) 
Seat 4: vezis3 ($100 in chips) 
Seat 5: Xenicide ($103.47 in chips) 
Seat 6: joaquin612 ($111.88 in chips) 
wmarl90: posts small blind $0.50
p0pa4poker: posts big blind $1
*** HOLE CARDS ***
vezis3: folds 
Xenicide: folds 
joaquin612: folds 
BeauParleur: raises $1.50 to $2.50
wmarl90: folds 
p0pa4poker: folds 
Uncalled bet ($1.50) returned to BeauParleur
BeauParleur collected $2.50 from pot
BeauParleur: doesn't show hand 
*** SUMMARY ***
Total pot $2.50 | Rake $0 
Seat 1: BeauParleur (button) collected ($2.50)
Seat 2: wmarl90 (small blind) folded before Flop
Seat 3: p0pa4poker (big blind) folded before Flop
Seat 4: vezis3 folded before Flop (didn't bet)
Seat 5: Xenicide folded before Flop (didn't bet)
Seat 6: joaquin612 folded before Flop (didn't bet)



PokerStars Hand #254494462992:  Hold'em No Limit ($0.50/$1.00 USD) - 2025/01/21 3:00:32 WET [2025/01/21 22:00:32 ET]
Table 'Kastalia IV' 6-max Seat #2 is the button
Seat 1: BeauParleur ($104.64 in chips) 
Seat 2: wmarl90 ($61.33 in chips) 
Seat 3: p0pa4poker ($100 in chips) 
Seat 4: vezis3 ($100 in chips) 
Seat 5: Xenicide ($103.47 in chips) 
Seat 6: joaquin612 ($111.88 in chips) 
p0pa4poker: posts small blind $0.50
vezis3: posts big blind $1
*** HOLE CARDS ***
Xenicide: folds 
joaquin612: folds 
BeauParleur: folds 
wmarl90: folds 
p0pa4poker: folds 
Uncalled bet ($0.50) returned to vezis3
vezis3 collected $1 from pot
vezis3: doesn't show hand 
*** SUMMARY ***
Total pot $1 | Rake $0 
Seat 1: BeauParleur folded before Flop (didn't bet)
Seat 2: wmarl90 (button) folded before Flop (didn't bet)
Seat 3: p0pa4poker (small blind) folded before Flop
Seat 4: vezis3 (big blind) collected ($1)
Seat 5: Xenicide folded before Flop (didn't bet)
Seat 6: joaquin612 folded before Flop (didn't bet)



PokerStars Hand #254494464348:  Hold'em No Limit ($0.50/$1.00 USD) - 2025/01/21 3:00:42 WET [2025/01/21 22:00:42 ET]
Table 'Kastalia IV' 6-max Seat #3 is the button
Seat 1: BeauParleur ($104.64 in chips) 
Seat 2: wmarl90 ($61.33 in chips) 
Seat 3: p0pa4poker ($99.50 in chips) 
Seat 4: vezis3 ($100.50 in chips) 
Seat 5: Xenicide ($103.47 in chips) 
Seat 6: joaquin612 ($111.88 in chips) 
vezis3: posts small blind $0.50
Xenicide: posts big blind $1
*** HOLE CARDS ***
joaquin612: folds 
BeauParleur: raises $1 to $2
wmarl90: folds 
p0pa4poker: folds 
vezis3: folds 
Xenicide: folds 
Uncalled bet ($1) returned to BeauParleur
BeauParleur collected $2.50 from pot
BeauParleur: doesn't show hand 
*** SUMMARY ***
Total pot $2.50 | Rake $0 
Seat 1: BeauParleur collected ($2.50)
Seat 2: wmarl90 folded before Flop (didn't bet)
Seat 3: p0pa4poker (button) folded before Flop (didn't bet)
Seat 4: vezis3 (small blind) folded before Flop
Seat 5: Xenicide (big blind) folded before Flop
Seat 6: joaquin612 folded before Flop (didn't bet)



PokerStars Hand #254494466882:  Hold'em No Limit ($0.50/$1.00 USD) - 2025/01/21 3:01:01 WET [2025/01/21 22:01:01 ET]
Table 'Kastalia IV' 6-max Seat #4 is the button
Seat 1: BeauParleur ($106.14 in chips) 
Seat 2: wmarl90 ($61.33 in chips) 
Seat 3: p0pa4poker ($99.50 in chips) 
Seat 4: vezis3 ($100 in chips) 
Seat 5: Xenicide ($102.47 in chips) 
Seat 6: joaquin612 ($111.88 in chips) 
Xenicide: posts small blind $0.50
joaquin612: posts big blind $1
*** HOLE CARDS ***
BeauParleur: folds 
wmarl90: folds 
p0pa4poker: folds 
vezis3: folds 
Xenicide: folds 
Uncalled bet ($0.50) returned to joaquin612
joaquin612 collected $1 from pot
joaquin612: doesn't show hand 
*** SUMMARY ***
Total pot $1 | Rake $0 
Seat 1: BeauParleur folded before Flop (didn't bet)
Seat 2: wmarl90 folded before Flop (didn't bet)
Seat 3: p0pa4poker folded before Flop (didn't bet)
Seat 4: vezis3 (button) folded before Flop (didn't bet)
Seat 5: Xenicide (small blind) folded before Flop
Seat 6: joaquin612 (big blind) collected ($1)



PokerStars Hand #254494468759:  Hold'em No Limit ($0.50/$1.00 USD) - 2025/01/21 3:01:15 WET [2025/01/21 22:01:15 ET]
Table 'Kastalia IV' 6-max Seat #5 is the button
Seat 1: BeauParleur ($106.14 in chips) 
Seat 2: wmarl90 ($61.33 in chips) 
Seat 3: p0pa4poker ($100 in chips) 
Seat 4: vezis3 ($100 in chips) 
Seat 5: Xenicide ($101.97 in chips) 
Seat 6: joaquin612 ($112.38 in chips) 
joaquin612: posts small blind $0.50
BeauParleur: posts big blind $1
*** HOLE CARDS ***
wmarl90: folds 
p0pa4poker: raises $1 to $2
vezis3: folds 
Xenicide: folds 
joaquin612: folds 
BeauParleur: calls $1
*** FLOP *** [Qd Qh 5h]
BeauParleur: checks 
p0pa4poker: bets $1.41
BeauParleur: folds 
Uncalled bet ($1.41) returned to p0pa4poker
p0pa4poker collected $4.28 from pot
p0pa4poker: doesn't show hand 
*** SUMMARY ***
Total pot $4.50 | Rake $0.22 
Board [Qd Qh 5h]
Seat 1: BeauParleur (big blind) folded on the Flop
Seat 2: wmarl90 folded before Flop (didn't bet)
Seat 3: p0pa4poker collected ($4.28)
Seat 4: vezis3 folded before Flop (didn't bet)
Seat 5: Xenicide (button) folded before Flop (didn't bet)
Seat 6: joaquin612 (small blind) folded before Flop



PokerStars Hand #254494475654:  Hold'em No Limit ($0.50/$1.00 USD) - 2025/01/21 3:02:05 WET [2025/01/21 22:02:05 ET]
Table 'Kastalia IV' 6-max Seat #6 is the button
Seat 1: BeauParleur ($104.14 in chips) 
Seat 2: wmarl90 ($61.33 in chips) 
Seat 3: p0pa4poker ($102.28 in chips) 
Seat 4: vezis3 ($100 in chips) 
Seat 5: Xenicide ($101.97 in chips) 
Seat 6: joaquin612 ($111.88 in chips) 
BeauParleur: posts small blind $0.50
wmarl90: posts big blind $1
*** HOLE CARDS ***
p0pa4poker: folds 
vezis3: folds 
Xenicide: folds 
joaquin612: raises $2 to $3
BeauParleur: folds 
wmarl90: folds 
Uncalled bet ($2) returned to joaquin612
joaquin612 collected $2.50 from pot
joaquin612: doesn't show hand 
*** SUMMARY ***
Total pot $2.50 | Rake $0 
Seat 1: BeauParleur (small blind) folded before Flop
Seat 2: wmarl90 (big blind) folded before Flop
Seat 3: p0pa4poker folded before Flop (didn't bet)
Seat 4: vezis3 folded before Flop (didn't bet)
Seat 5: Xenicide folded before Flop (didn't bet)
Seat 6: joaquin612 (button) collected ($2.50)



PokerStars Hand #254494478460:  Hold'em No Limit ($0.50/$1.00 USD) - 2025/01/21 3:02:26 WET [2025/01/21 22:02:26 ET]
Table 'Kastalia IV' 6-max Seat #1 is the button
Seat 1: BeauParleur ($103.64 in chips) 
Seat 2: wmarl90 ($60.33 in chips) 
Seat 3: p0pa4poker ($102.28 in chips) 
Seat 4: vezis3 ($100 in chips) 
Seat 5: Xenicide ($101.97 in chips) 
Seat 6: joaquin612 ($113.38 in chips) 
wmarl90: posts small blind $0.50
p0pa4poker: posts big blind $1
*** HOLE CARDS ***
vezis3: folds 
Xenicide: folds 
joaquin612: folds 
BeauParleur: raises $1 to $2
wmarl90: folds 
p0pa4poker: calls $1
*** FLOP *** [8d 8h 9c]
p0pa4poker: checks 
BeauParleur: checks 
*** TURN *** [8d 8h 9c] [Ad]
p0pa4poker: checks 
BeauParleur: bets $3.21
p0pa4poker: calls $3.21
*** RIVER *** [8d 8h 9c Ad] [Qd]
p0pa4poker: checks 
BeauParleur: bets $7.78
p0pa4poker: folds 
Uncalled bet ($7.78) returned to BeauParleur
BeauParleur collected $10.37 from pot
BeauParleur: doesn't show hand 
*** SUMMARY ***
Total pot $10.92 | Rake $0.55 
Board [8d 8h 9c Ad Qd]
Seat 1: BeauParleur (button) collected ($10.37)
Seat 2: wmarl90 (small blind) folded before Flop
Seat 3: p0pa4poker (big blind) folded on the River
Seat 4: vezis3 folded before Flop (didn't bet)
Seat 5: Xenicide folded before Flop (didn't bet)
Seat 6: joaquin612 folded before Flop (didn't bet)



PokerStars Hand #254494489525:  Hold'em No Limit ($0.50/$1.00 USD) - 2025/01/21 3:03:46 WET [2025/01/21 22:03:46 ET]
Table 'Kastalia IV' 6-max Seat #2 is the button
Seat 4: vezis3 ($100 in chips) is sitting out
Seat 1: BeauParleur ($108.80 in chips) 
Seat 2: wmarl90 ($59.83 in chips) 
Seat 3: p0pa4poker ($100 in chips) 
Seat 5: Xenicide ($101.97 in chips) 
Seat 6: joaquin612 ($113.38 in chips) 
p0pa4poker: posts small blind $0.50
vezis3: is sitting out 
Xenicide: posts big blind $1
*** HOLE CARDS ***
joaquin612: folds 
vezis3 leaves the table
BeauParleur: folds 
wmarl90: raises $1.50 to $2.50
p0pa4poker: folds 
Xenicide: calls $1.50
*** FLOP *** [Qd Ts Kh]
Xenicide: checks 
wmarl90: checks 
*** TURN *** [Qd Ts Kh] [5d]
Xenicide: bets $2.61
wmarl90: folds 
Uncalled bet ($2.61) returned to Xenicide
Xenicide collected $5.22 from pot
*** SUMMARY ***
Total pot $5.50 | Rake $0.28 
Board [Qd Ts Kh 5d]
Seat 4: vezis3
Seat 1: BeauParleur folded before Flop (didn't bet)
Seat 2: wmarl90 (button) folded on the Turn
Seat 3: p0pa4poker (small blind) folded before Flop
Seat 5: Xenicide (big blind) collected ($5.22)
Seat 6: joaquin612 folded before Flop (didn't bet)



PokerStars Hand #254494495259:  Hold'em No Limit ($0.50/$1.00 USD) - 2025/01/21 3:04:28 WET [2025/01/21 22:04:28 ET]
Table 'Kastalia IV' 6-max Seat #3 is the button
Seat 1: BeauParleur ($108.80 in chips) 
Seat 2: wmarl90 ($57.33 in chips) 
Seat 3: p0pa4poker ($100 in chips) 
Seat 5: Xenicide ($104.69 in chips) 
Seat 6: joaquin612 ($113.38 in chips) 
Xenicide: posts small blind $0.50
joaquin612: posts big blind $1
*** HOLE CARDS ***
BeauParleur has timed out
BeauParleur: folds 
wmarl90: raises $2 to $3
p0pa4poker: folds 
Xenicide: folds 
joaquin612: folds 
Uncalled bet ($2) returned to wmarl90
wmarl90 collected $2.50 from pot
wmarl90: doesn't show hand 
*** SUMMARY ***
Total pot $2.50 | Rake $0 
Seat 1: BeauParleur folded before Flop (didn't bet)
Seat 2: wmarl90 collected ($2.50)
Seat 3: p0pa4poker (button) folded before Flop (didn't bet)
Seat 5: Xenicide (small blind) folded before Flop
Seat 6: joaquin612 (big blind) folded before Flop



PokerStars Hand #254494498067:  Hold'em No Limit ($0.50/$1.00 USD) - 2025/01/21 3:04:49 WET [2025/01/21 22:04:49 ET]
Table 'Kastalia IV' 6-max Seat #5 is the button
Seat 1: BeauParleur ($108.80 in chips) 
Seat 2: wmarl90 ($58.83 in chips) 
Seat 3: p0pa4poker ($100 in chips) 
Seat 5: Xenicide ($104.19 in chips) 
Seat 6: joaquin612 ($112.38 in chips) 
joaquin612: posts small blind $0.50
BeauParleur: posts big blind $1
*** HOLE CARDS ***
wmarl90: folds 
p0pa4poker: folds 
Xenicide: folds 
joaquin612: raises $2 to $3
BeauParleur: raises $7 to $10
joaquin612: calls $7
*** FLOP *** [Kd Kc Qd]
joaquin612: checks 
BeauParleur: bets $5
joaquin612: calls $5
*** TURN *** [Kd Kc Qd] [7c]
joaquin612: checks 
BeauParleur: bets $14.25
nicofellow joins the table at seat #4 
joaquin612: folds 
Uncalled bet ($14.25) returned to BeauParleur
BeauParleur collected $28.50 from pot
BeauParleur: doesn't show hand 
*** SUMMARY ***
Total pot $30 | Rake $1.50 
Board [Kd Kc Qd 7c]
Seat 1: BeauParleur (big blind) collected ($28.50)
Seat 2: wmarl90 folded before Flop (didn't bet)
Seat 3: p0pa4poker folded before Flop (didn't bet)
Seat 5: Xenicide (button) folded before Flop (didn't bet)
Seat 6: joaquin612 (small blind) folded on the Turn



PokerStars Hand #254494507906:  Hold'em No Limit ($0.50/$1.00 USD) - 2025/01/21 3:06:03 WET [2025/01/21 22:06:03 ET]
Table 'Kastalia IV' 6-max Seat #6 is the button
Seat 4: nicofellow ($100 in chips) is sitting out
Seat 1: BeauParleur ($122.30 in chips) 
Seat 2: wmarl90 ($58.83 in chips) 
Seat 3: p0pa4poker ($100 in chips) 
Seat 5: Xenicide ($104.19 in chips) 
Seat 6: joaquin612 ($100 in chips) 
BeauParleur: posts small blind $0.50
wmarl90: posts big blind $1
nicofellow: sits out 
*** HOLE CARDS ***
p0pa4poker: folds 
Xenicide: folds 
joaquin612: raises $1.50 to $2.50
BeauParleur: folds 
wmarl90: calls $1.50
*** FLOP *** [7s 4h 6h]
wmarl90: checks 
joaquin612: checks 
*** TURN *** [7s 4h 6h] [9h]
wmarl90: bets $2.61
joaquin612: raises $5.22 to $7.83
wmarl90: folds 
Uncalled bet ($5.22) returned to joaquin612
joaquin612 collected $10.18 from pot
joaquin612: doesn't show hand 
*** SUMMARY ***
Total pot $10.72 | Rake $0.54 
Board [7s 4h 6h 9h]
Seat 4: nicofellow
Seat 1: BeauParleur (small blind) folded before Flop
Seat 2: wmarl90 (big blind) folded on the Turn
Seat 3: p0pa4poker folded before Flop (didn't bet)
Seat 5: Xenicide folded before Flop (didn't bet)
Seat 6: joaquin612 (button) collected ($10.18)



PokerStars Hand #254494511374:  Hold'em No Limit ($0.50/$1.00 USD) - 2025/01/21 3:06:28 WET [2025/01/21 22:06:28 ET]
Table 'Kastalia IV' 6-max Seat #1 is the button
Seat 4: nicofellow ($100 in chips) is sitting out
Seat 1: BeauParleur ($121.80 in chips) 
Seat 2: wmarl90 ($53.72 in chips) 
Seat 3: p0pa4poker ($100 in chips) 
Seat 5: Xenicide ($104.19 in chips) 
Seat 6: joaquin612 ($105.07 in chips) 
wmarl90: posts small blind $0.50
p0pa4poker: posts big blind $1
nicofellow: sits out 
*** HOLE CARDS ***
Xenicide: folds 
joaquin612: folds 
BeauParleur has timed out
BeauParleur: folds 
wmarl90: folds 
Uncalled bet ($0.50) returned to p0pa4poker
p0pa4poker collected $1 from pot
p0pa4poker: doesn't show hand 
*** SUMMARY ***
Total pot $1 | Rake $0 
Seat 4: nicofellow
Seat 1: BeauParleur (button) folded before Flop (didn't bet)
Seat 2: wmarl90 (small blind) folded before Flop
Seat 3: p0pa4poker (big blind) collected ($1)
Seat 5: Xenicide folded before Flop (didn't bet)
Seat 6: joaquin612 folded before Flop (didn't bet)



PokerStars Hand #254494513799:  Hold'em No Limit ($0.50/$1.00 USD) - 2025/01/21 3:06:46 WET [2025/01/21 22:06:46 ET]
Table 'Kastalia IV' 6-max Seat #2 is the button
Seat 1: BeauParleur ($121.80 in chips) is sitting out
Seat 2: wmarl90 ($53.22 in chips) 
Seat 3: p0pa4poker ($100.50 in chips) 
Seat 4: nicofellow ($100 in chips) 
Seat 5: Xenicide ($104.19 in chips) 
Seat 6: joaquin612 ($105.07 in chips) 
p0pa4poker: posts small blind $0.50
nicofellow: posts big blind $1
*** HOLE CARDS ***
Xenicide: folds 
joaquin612: folds 
wmarl90: folds 
p0pa4poker: folds 
Uncalled bet ($0.50) returned to nicofellow
nicofellow collected $1 from pot
nicofellow: doesn't show hand 
*** SUMMARY ***
Total pot $1 | Rake $0 
Seat 1: BeauParleur
Seat 2: wmarl90 (button) folded before Flop (didn't bet)
Seat 3: p0pa4poker (small blind) folded before Flop
Seat 4: nicofellow (big blind) collected ($1)
Seat 5: Xenicide folded before Flop (didn't bet)
Seat 6: joaquin612 folded before Flop (didn't bet)



PokerStars Hand #254494514931:  Hold'em No Limit ($0.50/$1.00 USD) - 2025/01/21 3:06:55 WET [2025/01/21 22:06:55 ET]
Table 'Kastalia IV' 6-max Seat #3 is the button
Seat 1: BeauParleur ($121.80 in chips) is sitting out
Seat 2: wmarl90 ($53.22 in chips) 
Seat 3: p0pa4poker ($100 in chips) 
Seat 4: nicofellow ($100.50 in chips) 
Seat 5: Xenicide ($104.19 in chips) 
Seat 6: joaquin612 ($105.07 in chips) 
nicofellow: posts small blind $0.50
Xenicide: posts big blind $1
*** HOLE CARDS ***
joaquin612: folds 
wmarl90: folds 
p0pa4poker: folds 
nicofellow: folds 
Uncalled bet ($0.50) returned to Xenicide
Xenicide collected $1 from pot
*** SUMMARY ***
Total pot $1 | Rake $0 
Seat 1: BeauParleur
Seat 2: wmarl90 folded before Flop (didn't bet)
Seat 3: p0pa4poker (button) folded before Flop (didn't bet)
Seat 4: nicofellow (small blind) folded before Flop
Seat 5: Xenicide (big blind) collected ($1)
Seat 6: joaquin612 folded before Flop (didn't bet)



PokerStars Hand #254494516908:  Hold'em No Limit ($0.50/$1.00 USD) - 2025/01/21 3:07:09 WET [2025/01/21 22:07:09 ET]
Table 'Kastalia IV' 6-max Seat #4 is the button
Seat 1: BeauParleur ($121.80 in chips) 
Seat 2: wmarl90 ($53.22 in chips) 
Seat 3: p0pa4poker ($100 in chips) 
Seat 4: nicofellow ($100 in chips) 
Seat 5: Xenicide ($104.69 in chips) 
Seat 6: joaquin612 ($105.07 in chips) 
Xenicide: posts small blind $0.50
joaquin612: posts big blind $1
*** HOLE CARDS ***
BeauParleur: folds 
wmarl90: folds 
p0pa4poker: folds 
nicofellow: folds 
Xenicide: raises $2.50 to $3.50
joaquin612: calls $2.50
*** FLOP *** [7s 6c 4c]
Xenicide: checks 
joaquin612: checks 
*** TURN *** [7s 6c 4c] [4h]
Xenicide: bets $8.31
joaquin612: folds 
Uncalled bet ($8.31) returned to Xenicide
Xenicide collected $6.65 from pot
*** SUMMARY ***
Total pot $7 | Rake $0.35 
Board [7s 6c 4c 4h]
Seat 1: BeauParleur folded before Flop (didn't bet)
Seat 2: wmarl90 folded before Flop (didn't bet)
Seat 3: p0pa4poker folded before Flop (didn't bet)
Seat 4: nicofellow (button) folded before Flop (didn't bet)
Seat 5: Xenicide (small blind) collected ($6.65)
Seat 6: joaquin612 (big blind) folded on the Turn



PokerStars Hand #254494526054:  Hold'em No Limit ($0.50/$1.00 USD) - 2025/01/21 3:08:18 WET [2025/01/21 22:08:18 ET]
Table 'Kastalia IV' 6-max Seat #5 is the button
Seat 1: BeauParleur ($121.80 in chips) 
Seat 2: wmarl90 ($53.22 in chips) 
Seat 3: p0pa4poker ($100 in chips) 
Seat 4: nicofellow ($100 in chips) 
Seat 5: Xenicide ($107.84 in chips) 
Seat 6: joaquin612 ($101.57 in chips) 
joaquin612: posts small blind $0.50
BeauParleur: posts big blind $1
*** HOLE CARDS ***
wmarl90: folds 
wmarl90 leaves the table
p0pa4poker: raises $1 to $2
nicofellow: folds 
GuigaMan joins the table at seat #2 
Xenicide: folds 
joaquin612: folds 
BeauParleur: calls $1
*** FLOP *** [Kd 8s 3c]
BeauParleur: checks 
p0pa4poker: checks 
*** TURN *** [Kd 8s 3c] [7h]
BeauParleur: bets $1.41
p0pa4poker: folds 
Uncalled bet ($1.41) returned to BeauParleur
BeauParleur collected $4.28 from pot
BeauParleur: doesn't show hand 
*** SUMMARY ***
Total pot $4.50 | Rake $0.22 
Board [Kd 8s 3c 7h]
Seat 1: BeauParleur (big blind) collected ($4.28)
Seat 2: wmarl90 folded before Flop (didn't bet)
Seat 3: p0pa4poker folded on the Turn
Seat 4: nicofellow folded before Flop (didn't bet)
Seat 5: Xenicide (button) folded before Flop (didn't bet)
Seat 6: joaquin612 (small blind) folded before Flop



PokerStars Hand #254494533435:  Hold'em No Limit ($0.50/$1.00 USD) - 2025/01/21 3:09:13 WET [2025/01/21 22:09:13 ET]
Table 'Kastalia IV' 6-max Seat #6 is the button
Seat 1: BeauParleur ($124.08 in chips) 
Seat 2: GuigaMan ($100 in chips) 
Seat 3: p0pa4poker ($100 in chips) 
Seat 4: nicofellow ($100 in chips) 
Seat 5: Xenicide ($107.84 in chips) 
Seat 6: joaquin612 ($101.07 in chips) 
BeauParleur: posts small blind $0.50
GuigaMan: posts big blind $1
*** HOLE CARDS ***
p0pa4poker: raises $1 to $2
nicofellow: folds 
Xenicide: folds 
joaquin612: folds 
BeauParleur: folds 
GuigaMan: folds 
Uncalled bet ($1) returned to p0pa4poker
p0pa4poker collected $2.50 from pot
p0pa4poker: doesn't show hand 
*** SUMMARY ***
Total pot $2.50 | Rake $0 
Seat 1: BeauParleur (small blind) folded before Flop
Seat 2: GuigaMan (big blind) folded before Flop
Seat 3: p0pa4poker collected ($2.50)
Seat 4: nicofellow folded before Flop (didn't bet)
Seat 5: Xenicide folded before Flop (didn't bet)
Seat 6: joaquin612 (button) folded before Flop (didn't bet)



PokerStars Hand #254494535236:  Hold'em No Limit ($0.50/$1.00 USD) - 2025/01/21 3:09:26 WET [2025/01/21 22:09:26 ET]
Table 'Kastalia IV' 6-max Seat #1 is the button
Seat 1: BeauParleur ($123.58 in chips) 
Seat 2: GuigaMan ($100 in chips) 
Seat 3: p0pa4poker ($101.50 in chips) 
Seat 4: nicofellow ($100 in chips) 
Seat 5: Xenicide ($107.84 in chips) 
Seat 6: joaquin612 ($101.07 in chips) 
GuigaMan: posts small blind $0.50
p0pa4poker: posts big blind $1
*** HOLE CARDS ***
nicofellow: folds 
Xenicide: folds 
joaquin612: folds 
BeauParleur: raises $1.50 to $2.50
GuigaMan: folds 
p0pa4poker: folds 
Uncalled bet ($1.50) returned to BeauParleur
BeauParleur collected $2.50 from pot
BeauParleur: doesn't show hand 
*** SUMMARY ***
Total pot $2.50 | Rake $0 
Seat 1: BeauParleur (button) collected ($2.50)
Seat 2: GuigaMan (small blind) folded before Flop
Seat 3: p0pa4poker (big blind) folded before Flop
Seat 4: nicofellow folded before Flop (didn't bet)
Seat 5: Xenicide folded before Flop (didn't bet)
Seat 6: joaquin612 folded before Flop (didn't bet)



PokerStars Hand #254494538092:  Hold'em No Limit ($0.50/$1.00 USD) - 2025/01/21 3:09:47 WET [2025/01/21 22:09:47 ET]
Table 'Kastalia IV' 6-max Seat #2 is the button
Seat 1: BeauParleur ($125.08 in chips) 
Seat 2: GuigaMan ($100 in chips) 
Seat 3: p0pa4poker ($100.50 in chips) 
Seat 4: nicofellow ($100 in chips) 
Seat 5: Xenicide ($107.84 in chips) 
Seat 6: joaquin612 ($101.07 in chips) 
p0pa4poker: posts small blind $0.50
nicofellow: posts big blind $1
*** HOLE CARDS ***
Xenicide: raises $1 to $2
joaquin612: folds 
BeauParleur: folds 
GuigaMan: folds 
p0pa4poker: folds 
nicofellow: calls $1
*** FLOP *** [5d 7s Ac]
nicofellow: checks 
Xenicide: bets $1.07
nicofellow: calls $1.07
*** TURN *** [5d 7s Ac] [4c]
nicofellow: checks 
Xenicide: checks 
*** RIVER *** [5d 7s Ac 4c] [9s]
nicofellow: bets $1.58
Xenicide: calls $1.58
*** SHOW DOWN ***
nicofellow: shows [Ad Th] (a pair of Aces)
Xenicide: mucks hand 
nicofellow collected $9.31 from pot
*** SUMMARY ***
Total pot $9.80 | Rake $0.49 
Board [5d 7s Ac 4c 9s]
Seat 1: BeauParleur folded before Flop (didn't bet)
Seat 2: GuigaMan (button) folded before Flop (didn't bet)
Seat 3: p0pa4poker (small blind) folded before Flop
Seat 4: nicofellow (big blind) showed [Ad Th] and won ($9.31) with a pair of Aces
Seat 5: Xenicide mucked
Seat 6: joaquin612 folded before Flop (didn't bet)



PokerStars Hand #254494547797:  Hold'em No Limit ($0.50/$1.00 USD) - 2025/01/21 3:11:01 WET [2025/01/21 22:11:01 ET]
Table 'Kastalia IV' 6-max Seat #3 is the button
Seat 1: BeauParleur ($125.08 in chips) 
Seat 2: GuigaMan ($100 in chips) 
Seat 3: p0pa4poker ($100 in chips) 
Seat 4: nicofellow ($104.66 in chips) 
Seat 5: Xenicide ($103.19 in chips) 
Seat 6: joaquin612 ($101.07 in chips) 
nicofellow: posts small blind $0.50
Xenicide: posts big blind $1
*** HOLE CARDS ***
joaquin612: folds 
BeauParleur: folds 
joaquin612 leaves the table
GuigaMan: folds 
p0pa4poker: raises $1.50 to $2.50
nicofellow: folds 
Xenicide: folds 
Uncalled bet ($1.50) returned to p0pa4poker
p0pa4poker collected $2.50 from pot
p0pa4poker: doesn't show hand 
*** SUMMARY ***
Total pot $2.50 | Rake $0 
Seat 1: BeauParleur folded before Flop (didn't bet)
Seat 2: GuigaMan folded before Flop (didn't bet)
Seat 3: p0pa4poker (button) collected ($2.50)
Seat 4: nicofellow (small blind) folded before Flop
Seat 5: Xenicide (big blind) folded before Flop
Seat 6: joaquin612 folded before Flop (didn't bet)



PokerStars Hand #254494550771:  Hold'em No Limit ($0.50/$1.00 USD) - 2025/01/21 3:11:24 WET [2025/01/21 22:11:24 ET]
Table 'Kastalia IV' 6-max Seat #4 is the button
Seat 1: BeauParleur ($125.08 in chips) 
Seat 2: GuigaMan ($100 in chips) 
Seat 3: p0pa4poker ($101.50 in chips) 
Seat 4: nicofellow ($104.16 in chips) 
Seat 5: Xenicide ($102.19 in chips) 
Xenicide: posts small blind $0.50
BeauParleur: posts big blind $1
*** HOLE CARDS ***
GuigaMan: folds 
p0pa4poker: folds 
nicofellow: folds 
Xenicide: folds 
Uncalled bet ($0.50) returned to BeauParleur
BeauParleur collected $1 from pot
GuigaMan leaves the table
BeauParleur: doesn't show hand 
*** SUMMARY ***
Total pot $1 | Rake $0 
Seat 1: BeauParleur (big blind) collected ($1)
Seat 2: GuigaMan folded before Flop (didn't bet)
Seat 3: p0pa4poker folded before Flop (didn't bet)
Seat 4: nicofellow (button) folded before Flop (didn't bet)
Seat 5: Xenicide (small blind) folded before Flop



PokerStars Hand #254494553964:  Hold'em No Limit ($0.50/$1.00 USD) - 2025/01/21 3:11:49 WET [2025/01/21 22:11:49 ET]
Table 'Kastalia IV' 6-max Seat #1 is the button
Seat 3: p0pa4poker ($101.50 in chips) is sitting out
Seat 4: nicofellow ($104.16 in chips) is sitting out
Seat 1: BeauParleur ($125.58 in chips) 
Seat 5: Xenicide ($101.69 in chips) 
BeauParleur: posts small blind $0.50
p0pa4poker: is sitting out 
nicofellow: is sitting out 
Xenicide: posts big blind $1
*** HOLE CARDS ***
BeauParleur: raises $1.25 to $2.25
Xenicide: folds 
Uncalled bet ($1.25) returned to BeauParleur
BeauParleur collected $2 from pot
BeauParleur: doesn't show hand 
nicofellow leaves the table
*** SUMMARY ***
Total pot $2 | Rake $0 
Seat 3: p0pa4poker
Seat 4: nicofellow
Seat 1: BeauParleur (button) (small blind) collected ($2)
Seat 5: Xenicide (big blind) folded before Flop



