PokerStars Hand #254488597111:  Hold'em No Limit ($0.50/$1.00 USD) - 2025/01/21 19:54:08 WET [2025/01/21 14:54:08 ET]
Table 'Siri IV' 6-max Seat #6 is the button
Seat 3: IREQO ($100 in chips) is sitting out
Seat 1: robercarlos3 ($105 in chips) 
Seat 2: CichiChanMarian ($100 in chips) 
Seat 4: jiji_cs166 ($99 in chips) 
Seat 5: z00mba ($100 in chips) 
Seat 6: worker0k ($100 in chips) 
robercarlos3: posts small blind $0.50
CichiChanMarian: posts big blind $1
IREQO: sits out 
*** HOLE CARDS ***
jiji_cs166: folds 
z00mba: folds 
worker0k: raises $1.30 to $2.30
robercarlos3: folds 
CichiChanMarian: calls $1.30
*** FLOP *** [9c 2s Kh]
CichiChanMarian: bets $2.42
worker0k: folds 
Uncalled bet ($2.42) returned to CichiChanMarian
CichiChanMarian collected $4.84 from pot
CichiChanMarian: doesn't show hand 
*** SUMMARY ***
Total pot $5.10 | Rake $0.26 
Board [9c 2s Kh]
Seat 3: IREQO
Seat 1: robercarlos3 (small blind) folded before Flop
Seat 2: CichiChanMarian (big blind) collected ($4.84)
Seat 4: jiji_cs166 folded before Flop (didn't bet)
Seat 5: z00mba folded before Flop (didn't bet)
Seat 6: worker0k (button) folded on the Flop



PokerStars Hand #254488612678:  Hold'em No Limit ($0.50/$1.00 USD) - 2025/01/21 19:54:59 WET [2025/01/21 14:54:59 ET]
Table 'Siri IV' 6-max Seat #1 is the button
Seat 1: robercarlos3 ($104.50 in chips) 
Seat 2: CichiChanMarian ($102.54 in chips) 
Seat 3: IREQO ($100 in chips) 
Seat 4: jiji_cs166 ($99 in chips) 
Seat 5: z00mba ($100 in chips) 
Seat 6: worker0k ($100 in chips) 
CichiChanMarian: posts small blind $0.50
IREQO: posts big blind $1
*** HOLE CARDS ***
jiji_cs166: folds 
z00mba: folds 
worker0k: folds 
robercarlos3: folds 
CichiChanMarian: raises $2 to $3
IREQO: raises $7 to $10
CichiChanMarian: raises $18 to $28
IREQO: folds 
Uncalled bet ($18) returned to CichiChanMarian
CichiChanMarian collected $20 from pot
CichiChanMarian: doesn't show hand 
*** SUMMARY ***
Total pot $20 | Rake $0 
Seat 1: robercarlos3 (button) folded before Flop (didn't bet)
Seat 2: CichiChanMarian (small blind) collected ($20)
Seat 3: IREQO (big blind) folded before Flop
Seat 4: jiji_cs166 folded before Flop (didn't bet)
Seat 5: z00mba folded before Flop (didn't bet)
Seat 6: worker0k folded before Flop (didn't bet)



PokerStars Hand #254488623453:  Hold'em No Limit ($0.50/$1.00 USD) - 2025/01/21 19:55:47 WET [2025/01/21 14:55:47 ET]
Table 'Siri IV' 6-max Seat #2 is the button
Seat 1: robercarlos3 ($104.50 in chips) 
Seat 2: CichiChanMarian ($112.54 in chips) 
Seat 3: IREQO ($100 in chips) 
Seat 4: jiji_cs166 ($99 in chips) 
Seat 5: z00mba ($100 in chips) 
Seat 6: worker0k ($100 in chips) 
IREQO: posts small blind $0.50
jiji_cs166: posts big blind $1
*** HOLE CARDS ***
z00mba: folds 
worker0k: folds 
robercarlos3: raises $1.30 to $2.30
CichiChanMarian: folds 
IREQO: raises $8.70 to $11
jiji_cs166: folds 
robercarlos3: calls $8.70
*** FLOP *** [9s 6h Ah]
IREQO: checks 
robercarlos3: checks 
*** TURN *** [9s 6h Ah] [4d]
IREQO: bets $7
robercarlos3: raises $17 to $24
IREQO: calls $17
*** RIVER *** [9s 6h Ah 4d] [8h]
IREQO: checks 
robercarlos3: bets $69.50 and is all-in
IREQO: calls $65 and is all-in
Uncalled bet ($4.50) returned to robercarlos3
*** SHOW DOWN ***
robercarlos3: shows [Td Tc] (a pair of Tens)
IREQO: shows [As Ad] (three of a kind, Aces)
IREQO collected $198.50 from pot
*** SUMMARY ***
Total pot $201 | Rake $2.50 
Board [9s 6h Ah 4d 8h]
Seat 1: robercarlos3 showed [Td Tc] and lost with a pair of Tens
Seat 2: CichiChanMarian (button) folded before Flop (didn't bet)
Seat 3: IREQO (small blind) showed [As Ad] and won ($198.50) with three of a kind, Aces
Seat 4: jiji_cs166 (big blind) folded before Flop
Seat 5: z00mba folded before Flop (didn't bet)
Seat 6: worker0k folded before Flop (didn't bet)



PokerStars Hand #254488649560:  Hold'em No Limit ($0.50/$1.00 USD) - 2025/01/21 19:57:45 WET [2025/01/21 14:57:45 ET]
Table 'Siri IV' 6-max Seat #3 is the button
Seat 1: robercarlos3 ($100 in chips) 
Seat 2: CichiChanMarian ($112.54 in chips) 
Seat 3: IREQO ($198.50 in chips) 
Seat 4: jiji_cs166 ($98 in chips) 
Seat 5: z00mba ($100 in chips) 
Seat 6: worker0k ($100 in chips) 
jiji_cs166: posts small blind $0.50
z00mba: posts big blind $1
*** HOLE CARDS ***
worker0k: folds 
robercarlos3: folds 
CichiChanMarian: folds 
IREQO: raises $1.50 to $2.50
jiji_cs166: calls $2
z00mba: folds 
*** FLOP *** [8s Qd 5c]
jiji_cs166: checks 
IREQO: bets $1.88
jiji_cs166: raises $4.73 to $6.61
IREQO: folds 
Uncalled bet ($4.73) returned to jiji_cs166
jiji_cs166 collected $9.27 from pot
*** SUMMARY ***
Total pot $9.76 | Rake $0.49 
Board [8s Qd 5c]
Seat 1: robercarlos3 folded before Flop (didn't bet)
Seat 2: CichiChanMarian folded before Flop (didn't bet)
Seat 3: IREQO (button) folded on the Flop
Seat 4: jiji_cs166 (small blind) collected ($9.27)
Seat 5: z00mba (big blind) folded before Flop
Seat 6: worker0k folded before Flop (didn't bet)



PokerStars Hand #254488661561:  Hold'em No Limit ($0.50/$1.00 USD) - 2025/01/21 19:58:39 WET [2025/01/21 14:58:39 ET]
Table 'Siri IV' 6-max Seat #4 is the button
Seat 1: robercarlos3 ($100 in chips) 
Seat 2: CichiChanMarian ($112.54 in chips) 
Seat 3: IREQO ($194.12 in chips) 
Seat 4: jiji_cs166 ($102.89 in chips) 
Seat 5: z00mba ($100 in chips) 
Seat 6: worker0k ($100 in chips) 
z00mba: posts small blind $0.50
worker0k: posts big blind $1
*** HOLE CARDS ***
robercarlos3: raises $1.30 to $2.30
CichiChanMarian: folds 
IREQO: folds 
jiji_cs166: calls $2.30
z00mba: folds 
worker0k: calls $1.30
*** FLOP *** [2s Qs 8c]
worker0k: checks 
robercarlos3: checks 
jiji_cs166: checks 
*** TURN *** [2s Qs 8c] [Tc]
worker0k: checks 
robercarlos3: bets $8
jiji_cs166: folds 
worker0k: folds 
Uncalled bet ($8) returned to robercarlos3
robercarlos3 collected $7.03 from pot
robercarlos3: doesn't show hand 
*** SUMMARY ***
Total pot $7.40 | Rake $0.37 
Board [2s Qs 8c Tc]
Seat 1: robercarlos3 collected ($7.03)
Seat 2: CichiChanMarian folded before Flop (didn't bet)
Seat 3: IREQO folded before Flop (didn't bet)
Seat 4: jiji_cs166 (button) folded on the Turn
Seat 5: z00mba (small blind) folded before Flop
Seat 6: worker0k (big blind) folded on the Turn



PokerStars Hand #254488672842:  Hold'em No Limit ($0.50/$1.00 USD) - 2025/01/21 19:59:31 WET [2025/01/21 14:59:31 ET]
Table 'Siri IV' 6-max Seat #5 is the button
Seat 1: robercarlos3 ($104.73 in chips) 
Seat 2: CichiChanMarian ($112.54 in chips) 
Seat 3: IREQO ($194.12 in chips) 
Seat 4: jiji_cs166 ($100.59 in chips) 
Seat 5: z00mba ($100 in chips) 
Seat 6: worker0k ($100 in chips) 
worker0k: posts small blind $0.50
robercarlos3: posts big blind $1
*** HOLE CARDS ***
CichiChanMarian: folds 
IREQO: folds 
jiji_cs166: calls $1
z00mba: folds 
worker0k: folds 
robercarlos3: checks 
*** FLOP *** [Td Ks Ts]
robercarlos3: checks 
jiji_cs166: checks 
*** TURN *** [Td Ks Ts] [3c]
robercarlos3: checks 
jiji_cs166: checks 
*** RIVER *** [Td Ks Ts 3c] [9s]
robercarlos3: checks 
jiji_cs166: checks 
*** SHOW DOWN ***
robercarlos3: shows [Ad 5c] (a pair of Tens)
jiji_cs166: mucks hand 
robercarlos3 collected $2.38 from pot
*** SUMMARY ***
Total pot $2.50 | Rake $0.12 
Board [Td Ks Ts 3c 9s]
Seat 1: robercarlos3 (big blind) showed [Ad 5c] and won ($2.38) with a pair of Tens
Seat 2: CichiChanMarian folded before Flop (didn't bet)
Seat 3: IREQO folded before Flop (didn't bet)
Seat 4: jiji_cs166 mucked
Seat 5: z00mba (button) folded before Flop (didn't bet)
Seat 6: worker0k (small blind) folded before Flop



PokerStars Hand #254488683308:  Hold'em No Limit ($0.50/$1.00 USD) - 2025/01/21 20:00:17 WET [2025/01/21 15:00:17 ET]
Table 'Siri IV' 6-max Seat #6 is the button
Seat 1: robercarlos3 ($106.11 in chips) 
Seat 2: CichiChanMarian ($112.54 in chips) 
Seat 3: IREQO ($194.12 in chips) 
Seat 4: jiji_cs166 ($99.59 in chips) 
Seat 5: z00mba ($100 in chips) 
Seat 6: worker0k ($100 in chips) 
robercarlos3: posts small blind $0.50
CichiChanMarian: posts big blind $1
*** HOLE CARDS ***
IREQO: folds 
jiji_cs166: folds 
IREQO leaves the table
z00mba: folds 
worker0k: folds 
CashfishT joins the table at seat #3 
robercarlos3: folds 
Uncalled bet ($0.50) returned to CichiChanMarian
CichiChanMarian collected $1 from pot
CichiChanMarian: doesn't show hand 
*** SUMMARY ***
Total pot $1 | Rake $0 
Seat 1: robercarlos3 (small blind) folded before Flop
Seat 2: CichiChanMarian (big blind) collected ($1)
Seat 3: IREQO folded before Flop (didn't bet)
Seat 4: jiji_cs166 folded before Flop (didn't bet)
Seat 5: z00mba folded before Flop (didn't bet)
Seat 6: worker0k (button) folded before Flop (didn't bet)



PokerStars Hand #254488686483:  Hold'em No Limit ($0.50/$1.00 USD) - 2025/01/21 20:00:31 WET [2025/01/21 15:00:31 ET]
Table 'Siri IV' 6-max Seat #1 is the button
Seat 1: robercarlos3 ($105.61 in chips) 
Seat 2: CichiChanMarian ($113.04 in chips) 
Seat 3: CashfishT ($100 in chips) 
Seat 4: jiji_cs166 ($99.59 in chips) 
Seat 5: z00mba ($100 in chips) 
Seat 6: worker0k ($100 in chips) 
CichiChanMarian: posts small blind $0.50
CashfishT: posts big blind $1
*** HOLE CARDS ***
jiji_cs166: calls $1
z00mba: folds 
worker0k: raises $3 to $4
robercarlos3: folds 
CichiChanMarian: folds 
CashfishT: folds 
jiji_cs166: calls $3
*** FLOP *** [Jc 5d 5h]
jiji_cs166: checks 
worker0k: bets $2.98
jiji_cs166: folds 
Uncalled bet ($2.98) returned to worker0k
worker0k collected $9.02 from pot
*** SUMMARY ***
Total pot $9.50 | Rake $0.48 
Board [Jc 5d 5h]
Seat 1: robercarlos3 (button) folded before Flop (didn't bet)
Seat 2: CichiChanMarian (small blind) folded before Flop
Seat 3: CashfishT (big blind) folded before Flop
Seat 4: jiji_cs166 folded on the Flop
Seat 5: z00mba folded before Flop (didn't bet)
Seat 6: worker0k collected ($9.02)



PokerStars Hand #254488695058:  Hold'em No Limit ($0.50/$1.00 USD) - 2025/01/21 20:01:05 WET [2025/01/21 15:01:05 ET]
Table 'Siri IV' 6-max Seat #2 is the button
Seat 1: robercarlos3 ($105.61 in chips) 
Seat 2: CichiChanMarian ($112.54 in chips) 
Seat 3: CashfishT ($100 in chips) 
Seat 4: jiji_cs166 ($95.59 in chips) 
Seat 5: z00mba ($100 in chips) 
Seat 6: worker0k ($105.02 in chips) 
CashfishT: posts small blind $0.50
jiji_cs166: posts big blind $1
*** HOLE CARDS ***
z00mba: folds 
worker0k: folds 
robercarlos3: raises $1.30 to $2.30
CichiChanMarian: folds 
CashfishT: folds 
jiji_cs166: calls $1.30
*** FLOP *** [As 6h Jc]
jiji_cs166: checks 
robercarlos3: bets $1.55
jiji_cs166: raises $7.94 to $9.49
robercarlos3: folds 
Uncalled bet ($7.94) returned to jiji_cs166
jiji_cs166 collected $7.79 from pot
*** SUMMARY ***
Total pot $8.20 | Rake $0.41 
Board [As 6h Jc]
Seat 1: robercarlos3 folded on the Flop
Seat 2: CichiChanMarian (button) folded before Flop (didn't bet)
Seat 3: CashfishT (small blind) folded before Flop
Seat 4: jiji_cs166 (big blind) collected ($7.79)
Seat 5: z00mba folded before Flop (didn't bet)
Seat 6: worker0k folded before Flop (didn't bet)



PokerStars Hand #254488704477:  Hold'em No Limit ($0.50/$1.00 USD) - 2025/01/21 20:01:40 WET [2025/01/21 15:01:40 ET]
Table 'Siri IV' 6-max Seat #3 is the button
Seat 1: robercarlos3 ($101.76 in chips) 
Seat 2: CichiChanMarian ($112.54 in chips) 
Seat 3: CashfishT ($100 in chips) 
Seat 4: jiji_cs166 ($99.53 in chips) 
Seat 5: z00mba ($100 in chips) 
Seat 6: worker0k ($105.02 in chips) 
jiji_cs166: posts small blind $0.50
z00mba: posts big blind $1
*** HOLE CARDS ***
worker0k: folds 
robercarlos3: folds 
CichiChanMarian: folds 
CashfishT: raises $1.20 to $2.20
jiji_cs166: calls $1.70
z00mba: folds 
*** FLOP *** [Kc Jd Ad]
jiji_cs166: checks 
CashfishT: bets $3.85
jiji_cs166: calls $3.85
*** TURN *** [Kc Jd Ad] [7h]
jiji_cs166: checks 
CashfishT: bets $9
jiji_cs166: raises $15.22 to $24.22
CashfishT: calls $15.22
*** RIVER *** [Kc Jd Ad 7h] [Ks]
jiji_cs166: checks 
CashfishT: checks 
*** SHOW DOWN ***
jiji_cs166: shows [Th Qd] (a straight, Ten to Ace)
CashfishT: mucks hand 
jiji_cs166 collected $59.04 from pot
*** SUMMARY ***
Total pot $61.54 | Rake $2.50 
Board [Kc Jd Ad 7h Ks]
Seat 1: robercarlos3 folded before Flop (didn't bet)
Seat 2: CichiChanMarian folded before Flop (didn't bet)
Seat 3: CashfishT (button) mucked
Seat 4: jiji_cs166 (small blind) showed [Th Qd] and won ($59.04) with a straight, Ten to Ace
Seat 5: z00mba (big blind) folded before Flop
Seat 6: worker0k folded before Flop (didn't bet)



PokerStars Hand #254488729543:  Hold'em No Limit ($0.50/$1.00 USD) - 2025/01/21 20:03:07 WET [2025/01/21 15:03:07 ET]
Table 'Siri IV' 6-max Seat #4 is the button
Seat 1: robercarlos3 ($101.76 in chips) 
Seat 2: CichiChanMarian ($112.54 in chips) 
Seat 3: CashfishT ($100 in chips) 
Seat 4: jiji_cs166 ($128.30 in chips) 
Seat 5: z00mba ($100 in chips) 
Seat 6: worker0k ($105.02 in chips) 
z00mba: posts small blind $0.50
worker0k: posts big blind $1
*** HOLE CARDS ***
robercarlos3: folds 
CichiChanMarian: folds 
CashfishT: folds 
jiji_cs166: folds 
z00mba: raises $2 to $3
worker0k: calls $2
*** FLOP *** [7s Kd 5s]
z00mba: checks 
worker0k: checks 
*** TURN *** [7s Kd 5s] [6d]
z00mba: checks 
worker0k: checks 
*** RIVER *** [7s Kd 5s 6d] [3h]
z00mba: checks 
worker0k: bets $5.70
z00mba: folds 
Uncalled bet ($5.70) returned to worker0k
worker0k collected $5.70 from pot
*** SUMMARY ***
Total pot $6 | Rake $0.30 
Board [7s Kd 5s 6d 3h]
Seat 1: robercarlos3 folded before Flop (didn't bet)
Seat 2: CichiChanMarian folded before Flop (didn't bet)
Seat 3: CashfishT folded before Flop (didn't bet)
Seat 4: jiji_cs166 (button) folded before Flop (didn't bet)
Seat 5: z00mba (small blind) folded on the River
Seat 6: worker0k (big blind) collected ($5.70)



PokerStars Hand #254488742644:  Hold'em No Limit ($0.50/$1.00 USD) - 2025/01/21 20:03:52 WET [2025/01/21 15:03:52 ET]
Table 'Siri IV' 6-max Seat #5 is the button
Seat 1: robercarlos3 ($101.76 in chips) 
Seat 2: CichiChanMarian ($112.54 in chips) 
Seat 3: CashfishT ($100 in chips) 
Seat 4: jiji_cs166 ($128.30 in chips) 
Seat 5: z00mba ($100 in chips) 
Seat 6: worker0k ($107.72 in chips) 
worker0k: posts small blind $0.50
robercarlos3: posts big blind $1
*** HOLE CARDS ***
CichiChanMarian: folds 
CashfishT: raises $1.20 to $2.20
jiji_cs166: folds 
z00mba: folds 
worker0k: folds 
robercarlos3: folds 
Uncalled bet ($1.20) returned to CashfishT
CashfishT collected $2.50 from pot
CashfishT: doesn't show hand 
*** SUMMARY ***
Total pot $2.50 | Rake $0 
Seat 1: robercarlos3 (big blind) folded before Flop
Seat 2: CichiChanMarian folded before Flop (didn't bet)
Seat 3: CashfishT collected ($2.50)
Seat 4: jiji_cs166 folded before Flop (didn't bet)
Seat 5: z00mba (button) folded before Flop (didn't bet)
Seat 6: worker0k (small blind) folded before Flop



PokerStars Hand #254488749434:  Hold'em No Limit ($0.50/$1.00 USD) - 2025/01/21 20:04:15 WET [2025/01/21 15:04:15 ET]
Table 'Siri IV' 6-max Seat #6 is the button
Seat 1: robercarlos3 ($100.76 in chips) 
Seat 2: CichiChanMarian ($112.54 in chips) 
Seat 3: CashfishT ($101.50 in chips) 
Seat 4: jiji_cs166 ($128.30 in chips) 
Seat 5: z00mba ($100 in chips) 
Seat 6: worker0k ($107.22 in chips) 
robercarlos3: posts small blind $0.50
CichiChanMarian: posts big blind $1
*** HOLE CARDS ***
CashfishT: folds 
jiji_cs166: calls $1
z00mba: folds 
worker0k: folds 
robercarlos3: raises $4 to $5
CichiChanMarian: folds 
jiji_cs166: calls $4
*** FLOP *** [Kh 4d 5s]
robercarlos3: checks 
jiji_cs166: bets $10.45
robercarlos3: folds 
Uncalled bet ($10.45) returned to jiji_cs166
jiji_cs166 collected $10.45 from pot
*** SUMMARY ***
Total pot $11 | Rake $0.55 
Board [Kh 4d 5s]
Seat 1: robercarlos3 (small blind) folded on the Flop
Seat 2: CichiChanMarian (big blind) folded before Flop
Seat 3: CashfishT folded before Flop (didn't bet)
Seat 4: jiji_cs166 collected ($10.45)
Seat 5: z00mba folded before Flop (didn't bet)
Seat 6: worker0k (button) folded before Flop (didn't bet)



PokerStars Hand #254488757857:  Hold'em No Limit ($0.50/$1.00 USD) - 2025/01/21 20:04:44 WET [2025/01/21 15:04:44 ET]
Table 'Siri IV' 6-max Seat #1 is the button
Seat 1: robercarlos3 ($100 in chips) 
Seat 2: CichiChanMarian ($111.54 in chips) 
Seat 3: CashfishT ($101.50 in chips) 
Seat 4: jiji_cs166 ($133.75 in chips) 
Seat 5: z00mba ($100 in chips) 
Seat 6: worker0k ($107.22 in chips) 
CichiChanMarian: posts small blind $0.50
CashfishT: posts big blind $1
*** HOLE CARDS ***
jiji_cs166: folds 
z00mba: folds 
worker0k: folds 
robercarlos3: folds 
CichiChanMarian: raises $2 to $3
CashfishT: calls $2
*** FLOP *** [Ah 7d 8s]
CichiChanMarian: bets $1.88
CashfishT: calls $1.88
*** TURN *** [Ah 7d 8s] [3s]
CichiChanMarian: bets $12.33
CashfishT: folds 
Uncalled bet ($12.33) returned to CichiChanMarian
CichiChanMarian collected $9.27 from pot
CichiChanMarian: doesn't show hand 
*** SUMMARY ***
Total pot $9.76 | Rake $0.49 
Board [Ah 7d 8s 3s]
Seat 1: robercarlos3 (button) folded before Flop (didn't bet)
Seat 2: CichiChanMarian (small blind) collected ($9.27)
Seat 3: CashfishT (big blind) folded on the Turn
Seat 4: jiji_cs166 folded before Flop (didn't bet)
Seat 5: z00mba folded before Flop (didn't bet)
Seat 6: worker0k folded before Flop (didn't bet)



PokerStars Hand #254488775277:  Hold'em No Limit ($0.50/$1.00 USD) - 2025/01/21 20:05:43 WET [2025/01/21 15:05:43 ET]
Table 'Siri IV' 6-max Seat #2 is the button
Seat 1: robercarlos3 ($100 in chips) 
Seat 2: CichiChanMarian ($115.93 in chips) 
Seat 3: CashfishT ($100 in chips) 
Seat 4: jiji_cs166 ($133.75 in chips) 
Seat 5: z00mba ($100 in chips) 
Seat 6: worker0k ($107.22 in chips) 
CashfishT: posts small blind $0.50
jiji_cs166: posts big blind $1
*** HOLE CARDS ***
z00mba: folds 
worker0k: folds 
robercarlos3: folds 
CichiChanMarian: raises $1.50 to $2.50
CashfishT: folds 
jiji_cs166: folds 
Uncalled bet ($1.50) returned to CichiChanMarian
CichiChanMarian collected $2.50 from pot
CichiChanMarian: doesn't show hand 
*** SUMMARY ***
Total pot $2.50 | Rake $0 
Seat 1: robercarlos3 folded before Flop (didn't bet)
Seat 2: CichiChanMarian (button) collected ($2.50)
Seat 3: CashfishT (small blind) folded before Flop
Seat 4: jiji_cs166 (big blind) folded before Flop
Seat 5: z00mba folded before Flop (didn't bet)
Seat 6: worker0k folded before Flop (didn't bet)



PokerStars Hand #254488781800:  Hold'em No Limit ($0.50/$1.00 USD) - 2025/01/21 20:06:04 WET [2025/01/21 15:06:04 ET]
Table 'Siri IV' 6-max Seat #3 is the button
Seat 1: robercarlos3 ($100 in chips) 
Seat 2: CichiChanMarian ($117.43 in chips) 
Seat 3: CashfishT ($100 in chips) 
Seat 4: jiji_cs166 ($132.75 in chips) 
Seat 5: z00mba ($100 in chips) 
Seat 6: worker0k ($107.22 in chips) 
jiji_cs166: posts small blind $0.50
z00mba: posts big blind $1
*** HOLE CARDS ***
worker0k: folds 
robercarlos3: folds 
CichiChanMarian: raises $1.50 to $2.50
CashfishT: folds 
jiji_cs166: calls $2
z00mba: folds 
*** FLOP *** [6c As 9d]
jiji_cs166: checks 
CichiChanMarian: bets $1.88
jiji_cs166: calls $1.88
*** TURN *** [6c As 9d] [Qh]
jiji_cs166: checks 
CichiChanMarian: checks 
*** RIVER *** [6c As 9d Qh] [Jd]
jiji_cs166: checks 
CichiChanMarian: checks 
*** SHOW DOWN ***
jiji_cs166: shows [Td 2d] (high card Ace)
CichiChanMarian: shows [Ks 8s] (high card Ace - King kicker)
CichiChanMarian collected $9.27 from pot
*** SUMMARY ***
Total pot $9.76 | Rake $0.49 
Board [6c As 9d Qh Jd]
Seat 1: robercarlos3 folded before Flop (didn't bet)
Seat 2: CichiChanMarian showed [Ks 8s] and won ($9.27) with high card Ace
Seat 3: CashfishT (button) folded before Flop (didn't bet)
Seat 4: jiji_cs166 (small blind) showed [Td 2d] and lost with high card Ace
Seat 5: z00mba (big blind) folded before Flop
Seat 6: worker0k folded before Flop (didn't bet)



PokerStars Hand #254488809660:  Hold'em No Limit ($0.50/$1.00 USD) - 2025/01/21 20:07:37 WET [2025/01/21 15:07:37 ET]
Table 'Siri IV' 6-max Seat #4 is the button
Seat 1: robercarlos3 ($100 in chips) 
Seat 2: CichiChanMarian ($122.32 in chips) 
Seat 3: CashfishT ($100 in chips) 
Seat 4: jiji_cs166 ($128.37 in chips) 
Seat 5: z00mba ($100 in chips) 
Seat 6: worker0k ($107.22 in chips) 
z00mba: posts small blind $0.50
worker0k: posts big blind $1
*** HOLE CARDS ***
robercarlos3: folds 
CichiChanMarian: folds 
CashfishT: folds 
jiji_cs166: calls $1
z00mba: folds 
worker0k: raises $2.50 to $3.50
jiji_cs166: calls $2.50
*** FLOP *** [3h Qh 2h]
worker0k: bets $2.35
jiji_cs166: folds 
Uncalled bet ($2.35) returned to worker0k
worker0k collected $7.12 from pot
*** SUMMARY ***
Total pot $7.50 | Rake $0.38 
Board [3h Qh 2h]
Seat 1: robercarlos3 folded before Flop (didn't bet)
Seat 2: CichiChanMarian folded before Flop (didn't bet)
Seat 3: CashfishT folded before Flop (didn't bet)
Seat 4: jiji_cs166 (button) folded on the Flop
Seat 5: z00mba (small blind) folded before Flop
Seat 6: worker0k (big blind) collected ($7.12)



PokerStars Hand #254488817202:  Hold'em No Limit ($0.50/$1.00 USD) - 2025/01/21 20:08:01 WET [2025/01/21 15:08:01 ET]
Table 'Siri IV' 6-max Seat #5 is the button
Seat 1: robercarlos3 ($100 in chips) 
Seat 2: CichiChanMarian ($122.32 in chips) 
Seat 3: CashfishT ($100 in chips) 
Seat 4: jiji_cs166 ($124.87 in chips) 
Seat 5: z00mba ($100 in chips) 
Seat 6: worker0k ($110.84 in chips) 
worker0k: posts small blind $0.50
robercarlos3: posts big blind $1
*** HOLE CARDS ***
CichiChanMarian: raises $1.50 to $2.50
CashfishT: folds 
jiji_cs166: folds 
z00mba: folds 
worker0k: folds 
robercarlos3: raises $8.50 to $11
CichiChanMarian: folds 
Uncalled bet ($8.50) returned to robercarlos3
robercarlos3 collected $5.50 from pot
robercarlos3: doesn't show hand 
*** SUMMARY ***
Total pot $5.50 | Rake $0 
Seat 1: robercarlos3 (big blind) collected ($5.50)
Seat 2: CichiChanMarian folded before Flop
Seat 3: CashfishT folded before Flop (didn't bet)
Seat 4: jiji_cs166 folded before Flop (didn't bet)
Seat 5: z00mba (button) folded before Flop (didn't bet)
Seat 6: worker0k (small blind) folded before Flop



PokerStars Hand #254488824893:  Hold'em No Limit ($0.50/$1.00 USD) - 2025/01/21 20:08:28 WET [2025/01/21 15:08:28 ET]
Table 'Siri IV' 6-max Seat #6 is the button
Seat 1: robercarlos3 ($103 in chips) 
Seat 2: CichiChanMarian ($119.82 in chips) 
Seat 3: CashfishT ($100 in chips) 
Seat 4: jiji_cs166 ($124.87 in chips) 
Seat 5: z00mba ($100 in chips) 
Seat 6: worker0k ($110.34 in chips) 
robercarlos3: posts small blind $0.50
CichiChanMarian: posts big blind $1
*** HOLE CARDS ***
CashfishT: folds 
jiji_cs166: calls $1
z00mba: folds 
worker0k: folds 
robercarlos3: raises $4 to $5
CichiChanMarian: folds 
jiji_cs166: calls $4
*** FLOP *** [7s 7h 7d]
robercarlos3: checks 
jiji_cs166: checks 
*** TURN *** [7s 7h 7d] [Js]
robercarlos3: checks 
jiji_cs166: checks 
*** RIVER *** [7s 7h 7d Js] [Qs]
robercarlos3: checks 
jiji_cs166: bets $5.23
robercarlos3: calls $5.23
*** SHOW DOWN ***
jiji_cs166: shows [6d 7c] (four of a kind, Sevens)
robercarlos3: mucks hand 
jiji_cs166 collected $20.39 from pot
*** SUMMARY ***
Total pot $21.46 | Rake $1.07 
Board [7s 7h 7d Js Qs]
Seat 1: robercarlos3 (small blind) mucked
Seat 2: CichiChanMarian (big blind) folded before Flop
Seat 3: CashfishT folded before Flop (didn't bet)
Seat 4: jiji_cs166 showed [6d 7c] and won ($20.39) with four of a kind, Sevens
Seat 5: z00mba folded before Flop (didn't bet)
Seat 6: worker0k (button) folded before Flop (didn't bet)



PokerStars Hand #254488841229:  Hold'em No Limit ($0.50/$1.00 USD) - 2025/01/21 20:09:22 WET [2025/01/21 15:09:22 ET]
Table 'Siri IV' 6-max Seat #1 is the button
Seat 1: robercarlos3 ($100 in chips) 
Seat 2: CichiChanMarian ($118.82 in chips) 
Seat 3: CashfishT ($100 in chips) 
Seat 4: jiji_cs166 ($135.03 in chips) 
Seat 5: z00mba ($100 in chips) 
Seat 6: worker0k ($110.34 in chips) 
CichiChanMarian: posts small blind $0.50
CashfishT: posts big blind $1
*** HOLE CARDS ***
jiji_cs166: folds 
z00mba: folds 
worker0k: folds 
robercarlos3: raises $1.50 to $2.50
CichiChanMarian: folds 
CashfishT: folds 
Uncalled bet ($1.50) returned to robercarlos3
robercarlos3 collected $2.50 from pot
robercarlos3: doesn't show hand 
*** SUMMARY ***
Total pot $2.50 | Rake $0 
Seat 1: robercarlos3 (button) collected ($2.50)
Seat 2: CichiChanMarian (small blind) folded before Flop
Seat 3: CashfishT (big blind) folded before Flop
Seat 4: jiji_cs166 folded before Flop (didn't bet)
Seat 5: z00mba folded before Flop (didn't bet)
Seat 6: worker0k folded before Flop (didn't bet)



PokerStars Hand #254488847356:  Hold'em No Limit ($0.50/$1.00 USD) - 2025/01/21 20:09:43 WET [2025/01/21 15:09:43 ET]
Table 'Siri IV' 6-max Seat #2 is the button
Seat 1: robercarlos3 ($101.50 in chips) 
Seat 2: CichiChanMarian ($118.32 in chips) 
Seat 3: CashfishT ($100 in chips) 
Seat 4: jiji_cs166 ($135.03 in chips) 
Seat 5: z00mba ($100 in chips) 
Seat 6: worker0k ($110.34 in chips) 
CashfishT: posts small blind $0.50
jiji_cs166: posts big blind $1
*** HOLE CARDS ***
z00mba: folds 
worker0k: folds 
robercarlos3: raises $1.30 to $2.30
CichiChanMarian: folds 
CashfishT: folds 
jiji_cs166: calls $1.30
*** FLOP *** [3c 5d As]
jiji_cs166: checks 
robercarlos3: bets $1.55
jiji_cs166: folds 
Uncalled bet ($1.55) returned to robercarlos3
robercarlos3 collected $4.84 from pot
robercarlos3: doesn't show hand 
*** SUMMARY ***
Total pot $5.10 | Rake $0.26 
Board [3c 5d As]
Seat 1: robercarlos3 collected ($4.84)
Seat 2: CichiChanMarian (button) folded before Flop (didn't bet)
Seat 3: CashfishT (small blind) folded before Flop
Seat 4: jiji_cs166 (big blind) folded on the Flop
Seat 5: z00mba folded before Flop (didn't bet)
Seat 6: worker0k folded before Flop (didn't bet)



PokerStars Hand #254488856121:  Hold'em No Limit ($0.50/$1.00 USD) - 2025/01/21 20:10:11 WET [2025/01/21 15:10:11 ET]
Table 'Siri IV' 6-max Seat #3 is the button
Seat 1: robercarlos3 ($104.04 in chips) 
Seat 2: CichiChanMarian ($118.32 in chips) 
Seat 3: CashfishT ($100 in chips) 
Seat 4: jiji_cs166 ($132.73 in chips) 
Seat 5: z00mba ($100 in chips) 
Seat 6: worker0k ($110.34 in chips) 
jiji_cs166: posts small blind $0.50
z00mba: posts big blind $1
*** HOLE CARDS ***
worker0k: folds 
robercarlos3: folds 
CichiChanMarian: folds 
CashfishT: raises $1.20 to $2.20
jiji_cs166: raises $5.40 to $7.60
z00mba: folds 
CashfishT: calls $5.40
*** FLOP *** [7c Td 2d]
jiji_cs166: checks 
CashfishT: checks 
*** TURN *** [7c Td 2d] [4c]
jiji_cs166: checks 
CashfishT: checks 
*** RIVER *** [7c Td 2d 4c] [9s]
jiji_cs166: bets $7.70
CashfishT: raises $15.40 to $23.10
jiji_cs166: folds 
Uncalled bet ($15.40) returned to CashfishT
CashfishT collected $30.02 from pot
CashfishT: doesn't show hand 
*** SUMMARY ***
Total pot $31.60 | Rake $1.58 
Board [7c Td 2d 4c 9s]
Seat 1: robercarlos3 folded before Flop (didn't bet)
Seat 2: CichiChanMarian folded before Flop (didn't bet)
Seat 3: CashfishT (button) collected ($30.02)
Seat 4: jiji_cs166 (small blind) folded on the River
Seat 5: z00mba (big blind) folded before Flop
Seat 6: worker0k folded before Flop (didn't bet)



PokerStars Hand #254488872200:  Hold'em No Limit ($0.50/$1.00 USD) - 2025/01/21 20:11:05 WET [2025/01/21 15:11:05 ET]
Table 'Siri IV' 6-max Seat #4 is the button
Seat 1: robercarlos3 ($104.04 in chips) 
Seat 2: CichiChanMarian ($118.32 in chips) 
Seat 3: CashfishT ($114.72 in chips) 
Seat 4: jiji_cs166 ($117.43 in chips) 
Seat 5: z00mba ($100 in chips) 
Seat 6: worker0k ($110.34 in chips) 
z00mba: posts small blind $0.50
worker0k: posts big blind $1
*** HOLE CARDS ***
robercarlos3: raises $1.30 to $2.30
CichiChanMarian: folds 
CashfishT: folds 
jiji_cs166: folds 
z00mba: folds 
worker0k: folds 
Uncalled bet ($1.30) returned to robercarlos3
robercarlos3 collected $2.50 from pot
robercarlos3: doesn't show hand 
*** SUMMARY ***
Total pot $2.50 | Rake $0 
Seat 1: robercarlos3 collected ($2.50)
Seat 2: CichiChanMarian folded before Flop (didn't bet)
Seat 3: CashfishT folded before Flop (didn't bet)
Seat 4: jiji_cs166 (button) folded before Flop (didn't bet)
Seat 5: z00mba (small blind) folded before Flop
Seat 6: worker0k (big blind) folded before Flop



PokerStars Hand #254488879114:  Hold'em No Limit ($0.50/$1.00 USD) - 2025/01/21 20:11:28 WET [2025/01/21 15:11:28 ET]
Table 'Siri IV' 6-max Seat #5 is the button
Seat 1: robercarlos3 ($105.54 in chips) 
Seat 2: CichiChanMarian ($118.32 in chips) 
Seat 3: CashfishT ($114.72 in chips) 
Seat 4: jiji_cs166 ($117.43 in chips) 
Seat 5: z00mba ($100 in chips) 
Seat 6: worker0k ($109.34 in chips) 
worker0k: posts small blind $0.50
robercarlos3: posts big blind $1
*** HOLE CARDS ***
CichiChanMarian: raises $1.50 to $2.50
CashfishT: folds 
jiji_cs166: calls $2.50
z00mba: folds 
worker0k: folds 
robercarlos3: folds 
*** FLOP *** [8h Th 2c]
CichiChanMarian: checks 
jiji_cs166: bets $3.09
CichiChanMarian: calls $3.09
*** TURN *** [8h Th 2c] [9s]
CichiChanMarian: checks 
jiji_cs166: checks 
*** RIVER *** [8h Th 2c 9s] [4c]
CichiChanMarian: checks 
jiji_cs166: checks 
*** SHOW DOWN ***
CichiChanMarian: shows [Ad 2d] (a pair of Deuces)
jiji_cs166: mucks hand 
CichiChanMarian collected $12.05 from pot
*** SUMMARY ***
Total pot $12.68 | Rake $0.63 
Board [8h Th 2c 9s 4c]
Seat 1: robercarlos3 (big blind) folded before Flop
Seat 2: CichiChanMarian showed [Ad 2d] and won ($12.05) with a pair of Deuces
Seat 3: CashfishT folded before Flop (didn't bet)
Seat 4: jiji_cs166 mucked
Seat 5: z00mba (button) folded before Flop (didn't bet)
Seat 6: worker0k (small blind) folded before Flop



PokerStars Hand #254488895011:  Hold'em No Limit ($0.50/$1.00 USD) - 2025/01/21 20:12:21 WET [2025/01/21 15:12:21 ET]
Table 'Siri IV' 6-max Seat #6 is the button
Seat 1: robercarlos3 ($104.54 in chips) 
Seat 2: CichiChanMarian ($124.78 in chips) 
Seat 3: CashfishT ($114.72 in chips) 
Seat 4: jiji_cs166 ($111.84 in chips) 
Seat 5: z00mba ($100 in chips) 
Seat 6: worker0k ($108.84 in chips) 
robercarlos3: posts small blind $0.50
CichiChanMarian: posts big blind $1
*** HOLE CARDS ***
CashfishT: folds 
jiji_cs166: folds 
z00mba: raises $1.50 to $2.50
worker0k: folds 
robercarlos3: raises $8.50 to $11
CichiChanMarian: folds 
z00mba: folds 
Uncalled bet ($8.50) returned to robercarlos3
robercarlos3 collected $6 from pot
robercarlos3: doesn't show hand 
*** SUMMARY ***
Total pot $6 | Rake $0 
Seat 1: robercarlos3 (small blind) collected ($6)
Seat 2: CichiChanMarian (big blind) folded before Flop
Seat 3: CashfishT folded before Flop (didn't bet)
Seat 4: jiji_cs166 folded before Flop (didn't bet)
Seat 5: z00mba folded before Flop
Seat 6: worker0k (button) folded before Flop (didn't bet)



PokerStars Hand #254488903392:  Hold'em No Limit ($0.50/$1.00 USD) - 2025/01/21 20:12:48 WET [2025/01/21 15:12:48 ET]
Table 'Siri IV' 6-max Seat #1 is the button
Seat 1: robercarlos3 ($108.04 in chips) 
Seat 2: CichiChanMarian ($123.78 in chips) 
Seat 3: CashfishT ($114.72 in chips) 
Seat 4: jiji_cs166 ($111.84 in chips) 
Seat 5: z00mba ($100 in chips) 
Seat 6: worker0k ($108.84 in chips) 
CichiChanMarian: posts small blind $0.50
CashfishT: posts big blind $1
*** HOLE CARDS ***
jiji_cs166: folds 
z00mba: raises $1.50 to $2.50
worker0k: folds 
robercarlos3: folds 
CichiChanMarian: folds 
CashfishT: folds 
Uncalled bet ($1.50) returned to z00mba
z00mba collected $2.50 from pot
z00mba: doesn't show hand 
*** SUMMARY ***
Total pot $2.50 | Rake $0 
Seat 1: robercarlos3 (button) folded before Flop (didn't bet)
Seat 2: CichiChanMarian (small blind) folded before Flop
Seat 3: CashfishT (big blind) folded before Flop
Seat 4: jiji_cs166 folded before Flop (didn't bet)
Seat 5: z00mba collected ($2.50)
Seat 6: worker0k folded before Flop (didn't bet)



PokerStars Hand #254488908657:  Hold'em No Limit ($0.50/$1.00 USD) - 2025/01/21 20:13:06 WET [2025/01/21 15:13:06 ET]
Table 'Siri IV' 6-max Seat #2 is the button
Seat 1: robercarlos3 ($108.04 in chips) 
Seat 2: CichiChanMarian ($123.28 in chips) 
Seat 3: CashfishT ($113.72 in chips) 
Seat 4: jiji_cs166 ($111.84 in chips) 
Seat 5: z00mba ($101.50 in chips) 
Seat 6: worker0k ($108.84 in chips) 
CashfishT: posts small blind $0.50
jiji_cs166: posts big blind $1
*** HOLE CARDS ***
z00mba: folds 
worker0k: raises $1.30 to $2.30
robercarlos3: folds 
CichiChanMarian: folds 
CashfishT: folds 
jiji_cs166: raises $5.10 to $7.40
worker0k: folds 
Uncalled bet ($5.10) returned to jiji_cs166
jiji_cs166 collected $5.10 from pot
*** SUMMARY ***
Total pot $5.10 | Rake $0 
Seat 1: robercarlos3 folded before Flop (didn't bet)
Seat 2: CichiChanMarian (button) folded before Flop (didn't bet)
Seat 3: CashfishT (small blind) folded before Flop
Seat 4: jiji_cs166 (big blind) collected ($5.10)
Seat 5: z00mba folded before Flop (didn't bet)
Seat 6: worker0k folded before Flop



PokerStars Hand #254488914282:  Hold'em No Limit ($0.50/$1.00 USD) - 2025/01/21 20:13:24 WET [2025/01/21 15:13:24 ET]
Table 'Siri IV' 6-max Seat #3 is the button
Seat 1: robercarlos3 ($108.04 in chips) 
Seat 2: CichiChanMarian ($123.28 in chips) 
Seat 3: CashfishT ($113.22 in chips) 
Seat 4: jiji_cs166 ($114.64 in chips) 
Seat 5: z00mba ($101.50 in chips) 
Seat 6: worker0k ($106.54 in chips) 
jiji_cs166: posts small blind $0.50
z00mba: posts big blind $1
*** HOLE CARDS ***
worker0k: folds 
robercarlos3: raises $1.30 to $2.30
CichiChanMarian: folds 
CashfishT: folds 
jiji_cs166: calls $1.80
z00mba: calls $1.30
*** FLOP *** [6d Ah Th]
jiji_cs166: checks 
z00mba: checks 
robercarlos3: checks 
*** TURN *** [6d Ah Th] [8s]
jiji_cs166: checks 
z00mba: bets $2
robercarlos3: raises $11 to $13
jiji_cs166: folds 
z00mba: folds 
Uncalled bet ($11) returned to robercarlos3
robercarlos3 collected $10.36 from pot
robercarlos3: doesn't show hand 
*** SUMMARY ***
Total pot $10.90 | Rake $0.54 
Board [6d Ah Th 8s]
Seat 1: robercarlos3 collected ($10.36)
Seat 2: CichiChanMarian folded before Flop (didn't bet)
Seat 3: CashfishT (button) folded before Flop (didn't bet)
Seat 4: jiji_cs166 (small blind) folded on the Turn
Seat 5: z00mba (big blind) folded on the Turn
Seat 6: worker0k folded before Flop (didn't bet)



PokerStars Hand #254488930603:  Hold'em No Limit ($0.50/$1.00 USD) - 2025/01/21 20:14:19 WET [2025/01/21 15:14:19 ET]
Table 'Siri IV' 6-max Seat #4 is the button
Seat 1: robercarlos3 ($114.10 in chips) 
Seat 2: CichiChanMarian ($123.28 in chips) 
Seat 3: CashfishT ($113.22 in chips) 
Seat 4: jiji_cs166 ($112.34 in chips) 
Seat 5: z00mba ($100 in chips) 
Seat 6: worker0k ($106.54 in chips) 
z00mba: posts small blind $0.50
worker0k: posts big blind $1
*** HOLE CARDS ***
robercarlos3: folds 
CichiChanMarian: raises $1.50 to $2.50
CashfishT: folds 
jiji_cs166: folds 
z00mba: folds 
worker0k: folds 
Uncalled bet ($1.50) returned to CichiChanMarian
CichiChanMarian collected $2.50 from pot
CichiChanMarian: doesn't show hand 
*** SUMMARY ***
Total pot $2.50 | Rake $0 
Seat 1: robercarlos3 folded before Flop (didn't bet)
Seat 2: CichiChanMarian collected ($2.50)
Seat 3: CashfishT folded before Flop (didn't bet)
Seat 4: jiji_cs166 (button) folded before Flop (didn't bet)
Seat 5: z00mba (small blind) folded before Flop
Seat 6: worker0k (big blind) folded before Flop



PokerStars Hand #254488938210:  Hold'em No Limit ($0.50/$1.00 USD) - 2025/01/21 20:14:44 WET [2025/01/21 15:14:44 ET]
Table 'Siri IV' 6-max Seat #5 is the button
Seat 1: robercarlos3 ($114.10 in chips) 
Seat 2: CichiChanMarian ($124.78 in chips) 
Seat 3: CashfishT ($113.22 in chips) 
Seat 4: jiji_cs166 ($112.34 in chips) 
Seat 5: z00mba ($100 in chips) 
Seat 6: worker0k ($105.54 in chips) 
worker0k: posts small blind $0.50
robercarlos3: posts big blind $1
*** HOLE CARDS ***
CichiChanMarian: folds 
CashfishT: folds 
jiji_cs166: folds 
z00mba: folds 
worker0k: raises $1.80 to $2.80
robercarlos3: calls $1.80
*** FLOP *** [9c Qh 7d]
worker0k: checks 
robercarlos3: checks 
*** TURN *** [9c Qh 7d] [7s]
worker0k: bets $1.76
robercarlos3: folds 
Uncalled bet ($1.76) returned to worker0k
worker0k collected $5.32 from pot
*** SUMMARY ***
Total pot $5.60 | Rake $0.28 
Board [9c Qh 7d 7s]
Seat 1: robercarlos3 (big blind) folded on the Turn
Seat 2: CichiChanMarian folded before Flop (didn't bet)
Seat 3: CashfishT folded before Flop (didn't bet)
Seat 4: jiji_cs166 folded before Flop (didn't bet)
Seat 5: z00mba (button) folded before Flop (didn't bet)
Seat 6: worker0k (small blind) collected ($5.32)



PokerStars Hand #254488947517:  Hold'em No Limit ($0.50/$1.00 USD) - 2025/01/21 20:15:14 WET [2025/01/21 15:15:14 ET]
Table 'Siri IV' 6-max Seat #6 is the button
Seat 1: robercarlos3 ($111.30 in chips) 
Seat 2: CichiChanMarian ($124.78 in chips) 
Seat 3: CashfishT ($113.22 in chips) 
Seat 4: jiji_cs166 ($112.34 in chips) 
Seat 5: z00mba ($100 in chips) 
Seat 6: worker0k ($108.06 in chips) 
robercarlos3: posts small blind $0.50
CichiChanMarian: posts big blind $1
*** HOLE CARDS ***
CashfishT: raises $1.20 to $2.20
jiji_cs166: folds 
z00mba: folds 
worker0k: folds 
robercarlos3: folds 
CichiChanMarian: folds 
Uncalled bet ($1.20) returned to CashfishT
CashfishT collected $2.50 from pot
CashfishT: doesn't show hand 
*** SUMMARY ***
Total pot $2.50 | Rake $0 
Seat 1: robercarlos3 (small blind) folded before Flop
Seat 2: CichiChanMarian (big blind) folded before Flop
Seat 3: CashfishT collected ($2.50)
Seat 4: jiji_cs166 folded before Flop (didn't bet)
Seat 5: z00mba folded before Flop (didn't bet)
Seat 6: worker0k (button) folded before Flop (didn't bet)



PokerStars Hand #254488952852:  Hold'em No Limit ($0.50/$1.00 USD) - 2025/01/21 20:15:32 WET [2025/01/21 15:15:32 ET]
Table 'Siri IV' 6-max Seat #1 is the button
Seat 1: robercarlos3 ($110.80 in chips) 
Seat 2: CichiChanMarian ($123.78 in chips) 
Seat 3: CashfishT ($114.72 in chips) 
Seat 4: jiji_cs166 ($112.34 in chips) 
Seat 5: z00mba ($100 in chips) 
Seat 6: worker0k ($108.06 in chips) 
CichiChanMarian: posts small blind $0.50
CashfishT: posts big blind $1
*** HOLE CARDS ***
jiji_cs166: folds 
z00mba: folds 
worker0k: folds 
robercarlos3: folds 
CichiChanMarian: folds 
Uncalled bet ($0.50) returned to CashfishT
CashfishT collected $1 from pot
CashfishT: doesn't show hand 
*** SUMMARY ***
Total pot $1 | Rake $0 
Seat 1: robercarlos3 (button) folded before Flop (didn't bet)
Seat 2: CichiChanMarian (small blind) folded before Flop
Seat 3: CashfishT (big blind) collected ($1)
Seat 4: jiji_cs166 folded before Flop (didn't bet)
Seat 5: z00mba folded before Flop (didn't bet)
Seat 6: worker0k folded before Flop (didn't bet)



PokerStars Hand #254488956446:  Hold'em No Limit ($0.50/$1.00 USD) - 2025/01/21 20:15:44 WET [2025/01/21 15:15:44 ET]
Table 'Siri IV' 6-max Seat #2 is the button
Seat 1: robercarlos3 ($110.80 in chips) 
Seat 2: CichiChanMarian ($123.28 in chips) 
Seat 3: CashfishT ($115.22 in chips) 
Seat 4: jiji_cs166 ($112.34 in chips) 
Seat 5: z00mba ($100 in chips) 
Seat 6: worker0k ($108.06 in chips) 
CashfishT: posts small blind $0.50
jiji_cs166: posts big blind $1
*** HOLE CARDS ***
z00mba: folds 
worker0k: folds 
robercarlos3: folds 
CichiChanMarian: raises $1.50 to $2.50
CashfishT: raises $8.50 to $11
jiji_cs166: folds 
CichiChanMarian: calls $8.50
*** FLOP *** [4d 5d 8d]
CashfishT: bets $10.93
CichiChanMarian: calls $10.93
*** TURN *** [4d 5d 8d] [7h]
CashfishT: checks 
CichiChanMarian: checks 
*** RIVER *** [4d 5d 8d 7h] [2c]
CashfishT: checks 
CichiChanMarian: bets $101.35 and is all-in
CashfishT: folds 
Uncalled bet ($101.35) returned to CichiChanMarian
CichiChanMarian collected $42.62 from pot
CichiChanMarian: doesn't show hand 
*** SUMMARY ***
Total pot $44.86 | Rake $2.24 
Board [4d 5d 8d 7h 2c]
Seat 1: robercarlos3 folded before Flop (didn't bet)
Seat 2: CichiChanMarian (button) collected ($42.62)
Seat 3: CashfishT (small blind) folded on the River
Seat 4: jiji_cs166 (big blind) folded before Flop
Seat 5: z00mba folded before Flop (didn't bet)
Seat 6: worker0k folded before Flop (didn't bet)



PokerStars Hand #254488976606:  Hold'em No Limit ($0.50/$1.00 USD) - 2025/01/21 20:16:50 WET [2025/01/21 15:16:50 ET]
Table 'Siri IV' 6-max Seat #3 is the button
Seat 1: robercarlos3 ($110.80 in chips) 
Seat 2: CichiChanMarian ($143.97 in chips) 
Seat 3: CashfishT ($100 in chips) 
Seat 4: jiji_cs166 ($111.34 in chips) 
Seat 5: z00mba ($100 in chips) 
Seat 6: worker0k ($108.06 in chips) 
jiji_cs166: posts small blind $0.50
z00mba: posts big blind $1
*** HOLE CARDS ***
worker0k: folds 
robercarlos3: raises $1.30 to $2.30
CichiChanMarian: folds 
CashfishT: folds 
jiji_cs166: calls $1.80
z00mba: calls $1.30
*** FLOP *** [3d 7d Ah]
jiji_cs166: bets $6.56
z00mba: folds 
robercarlos3: calls $6.56
*** TURN *** [3d 7d Ah] [2c]
jiji_cs166: checks 
robercarlos3: checks 
*** RIVER *** [3d 7d Ah 2c] [6s]
jiji_cs166: checks 
robercarlos3: bets $14.65
jiji_cs166: folds 
Uncalled bet ($14.65) returned to robercarlos3
robercarlos3 collected $19.02 from pot
robercarlos3: doesn't show hand 
*** SUMMARY ***
Total pot $20.02 | Rake $1 
Board [3d 7d Ah 2c 6s]
Seat 1: robercarlos3 collected ($19.02)
Seat 2: CichiChanMarian folded before Flop (didn't bet)
Seat 3: CashfishT (button) folded before Flop (didn't bet)
Seat 4: jiji_cs166 (small blind) folded on the River
Seat 5: z00mba (big blind) folded on the Flop
Seat 6: worker0k folded before Flop (didn't bet)



PokerStars Hand #254488994629:  Hold'em No Limit ($0.50/$1.00 USD) - 2025/01/21 20:17:49 WET [2025/01/21 15:17:49 ET]
Table 'Siri IV' 6-max Seat #4 is the button
Seat 1: robercarlos3 ($120.96 in chips) 
Seat 2: CichiChanMarian ($143.97 in chips) 
Seat 3: CashfishT ($100 in chips) 
Seat 4: jiji_cs166 ($102.48 in chips) 
Seat 5: z00mba ($100 in chips) 
Seat 6: worker0k ($108.06 in chips) 
z00mba: posts small blind $0.50
worker0k: posts big blind $1
*** HOLE CARDS ***
robercarlos3: raises $1.30 to $2.30
CichiChanMarian: folds 
CashfishT: calls $2.30
jiji_cs166: calls $2.30
z00mba: folds 
worker0k: folds 
*** FLOP *** [8h Th Ts]
robercarlos3: checks 
CashfishT: checks 
jiji_cs166: bets $7.98
robercarlos3: folds 
CashfishT: calls $7.98
*** TURN *** [8h Th Ts] [Td]
CashfishT: checks 
jiji_cs166: checks 
*** RIVER *** [8h Th Ts Td] [5d]
CashfishT: bets $25
jiji_cs166: folds 
Uncalled bet ($25) returned to CashfishT
CashfishT collected $23.14 from pot
CashfishT: doesn't show hand 
*** SUMMARY ***
Total pot $24.36 | Rake $1.22 
Board [8h Th Ts Td 5d]
Seat 1: robercarlos3 folded on the Flop
Seat 2: CichiChanMarian folded before Flop (didn't bet)
Seat 3: CashfishT collected ($23.14)
Seat 4: jiji_cs166 (button) folded on the River
Seat 5: z00mba (small blind) folded before Flop
Seat 6: worker0k (big blind) folded before Flop



PokerStars Hand #254489015867:  Hold'em No Limit ($0.50/$1.00 USD) - 2025/01/21 20:18:59 WET [2025/01/21 15:18:59 ET]
Table 'Siri IV' 6-max Seat #5 is the button
Seat 1: robercarlos3 ($118.66 in chips) 
Seat 2: CichiChanMarian ($143.97 in chips) 
Seat 3: CashfishT ($112.86 in chips) 
Seat 4: jiji_cs166 ($92.20 in chips) 
Seat 5: z00mba ($100 in chips) 
Seat 6: worker0k ($107.06 in chips) 
worker0k: posts small blind $0.50
robercarlos3: posts big blind $1
*** HOLE CARDS ***
CichiChanMarian: folds 
CashfishT: folds 
jiji_cs166: calls $1
z00mba: folds 
worker0k: folds 
robercarlos3: checks 
*** FLOP *** [9s Kh Qh]
robercarlos3: checks 
jiji_cs166: checks 
*** TURN *** [9s Kh Qh] [Kd]
robercarlos3: checks 
jiji_cs166: checks 
*** RIVER *** [9s Kh Qh Kd] [Ks]
robercarlos3: bets $1.83
jiji_cs166: calls $1.83
*** SHOW DOWN ***
robercarlos3: shows [5c 9h] (a full house, Kings full of Nines)
jiji_cs166: mucks hand 
robercarlos3 collected $5.85 from pot
*** SUMMARY ***
Total pot $6.16 | Rake $0.31 
Board [9s Kh Qh Kd Ks]
Seat 1: robercarlos3 (big blind) showed [5c 9h] and won ($5.85) with a full house, Kings full of Nines
Seat 2: CichiChanMarian folded before Flop (didn't bet)
Seat 3: CashfishT folded before Flop (didn't bet)
Seat 4: jiji_cs166 mucked
Seat 5: z00mba (button) folded before Flop (didn't bet)
Seat 6: worker0k (small blind) folded before Flop



PokerStars Hand #254489027392:  Hold'em No Limit ($0.50/$1.00 USD) - 2025/01/21 20:19:37 WET [2025/01/21 15:19:37 ET]
Table 'Siri IV' 6-max Seat #6 is the button
Seat 1: robercarlos3 ($121.68 in chips) 
Seat 2: CichiChanMarian ($143.97 in chips) 
Seat 3: CashfishT ($112.86 in chips) 
Seat 4: jiji_cs166 ($89.37 in chips) 
Seat 5: z00mba ($100 in chips) 
Seat 6: worker0k ($106.56 in chips) 
robercarlos3: posts small blind $0.50
CichiChanMarian: posts big blind $1
*** HOLE CARDS ***
CashfishT: folds 
jiji_cs166: calls $1
z00mba: folds 
worker0k: raises $2.50 to $3.50
robercarlos3: raises $9.50 to $13
CichiChanMarian: raises $13 to $26
jiji_cs166: folds 
worker0k: folds 
robercarlos3: folds 
Uncalled bet ($13) returned to CichiChanMarian
CichiChanMarian collected $30.50 from pot
CichiChanMarian: doesn't show hand 
*** SUMMARY ***
Total pot $30.50 | Rake $0 
Seat 1: robercarlos3 (small blind) folded before Flop
Seat 2: CichiChanMarian (big blind) collected ($30.50)
Seat 3: CashfishT folded before Flop (didn't bet)
Seat 4: jiji_cs166 folded before Flop
Seat 5: z00mba folded before Flop (didn't bet)
Seat 6: worker0k (button) folded before Flop



PokerStars Hand #254489038032:  Hold'em No Limit ($0.50/$1.00 USD) - 2025/01/21 20:20:12 WET [2025/01/21 15:20:12 ET]
Table 'Siri IV' 6-max Seat #1 is the button
Seat 1: robercarlos3 ($108.68 in chips) 
Seat 2: CichiChanMarian ($161.47 in chips) 
Seat 3: CashfishT ($112.86 in chips) 
Seat 4: jiji_cs166 ($88.37 in chips) 
Seat 5: z00mba ($100 in chips) 
Seat 6: worker0k ($103.06 in chips) 
CichiChanMarian: posts small blind $0.50
CashfishT: posts big blind $1
*** HOLE CARDS ***
jiji_cs166: calls $1
z00mba: folds 
worker0k: folds 
robercarlos3: raises $4 to $5
CichiChanMarian: folds 
CashfishT: calls $4
jiji_cs166: calls $4
*** FLOP *** [7h 8s 6h]
CashfishT: checks 
jiji_cs166: checks 
robercarlos3: checks 
*** TURN *** [7h 8s 6h] [5h]
CashfishT: checks 
jiji_cs166: checks 
robercarlos3: checks 
*** RIVER *** [7h 8s 6h 5h] [8d]
CashfishT: checks 
jiji_cs166: checks 
robercarlos3: checks 
*** SHOW DOWN ***
CashfishT: shows [As 2s] (a pair of Eights)
jiji_cs166: shows [3c 5c] (two pair, Eights and Fives)
robercarlos3: mucks hand 
jiji_cs166 collected $14.72 from pot
*** SUMMARY ***
Total pot $15.50 | Rake $0.78 
Board [7h 8s 6h 5h 8d]
Seat 1: robercarlos3 (button) mucked
Seat 2: CichiChanMarian (small blind) folded before Flop
Seat 3: CashfishT (big blind) showed [As 2s] and lost with a pair of Eights
Seat 4: jiji_cs166 showed [3c 5c] and won ($14.72) with two pair, Eights and Fives
Seat 5: z00mba folded before Flop (didn't bet)
Seat 6: worker0k folded before Flop (didn't bet)



PokerStars Hand #254489050452:  Hold'em No Limit ($0.50/$1.00 USD) - 2025/01/21 20:20:53 WET [2025/01/21 15:20:53 ET]
Table 'Siri IV' 6-max Seat #2 is the button
Seat 1: robercarlos3 ($103.68 in chips) 
Seat 2: CichiChanMarian ($160.97 in chips) 
Seat 3: CashfishT ($107.86 in chips) 
Seat 4: jiji_cs166 ($98.09 in chips) 
Seat 5: z00mba ($100 in chips) 
Seat 6: worker0k ($103.06 in chips) 
CashfishT: posts small blind $0.50
jiji_cs166: posts big blind $1
*** HOLE CARDS ***
z00mba: folds 
worker0k: folds 
robercarlos3: folds 
CichiChanMarian: raises $1.50 to $2.50
CashfishT: raises $8.50 to $11
jiji_cs166: folds 
CichiChanMarian: folds 
Uncalled bet ($8.50) returned to CashfishT
CashfishT collected $6 from pot
CashfishT: doesn't show hand 
*** SUMMARY ***
Total pot $6 | Rake $0 
Seat 1: robercarlos3 folded before Flop (didn't bet)
Seat 2: CichiChanMarian (button) folded before Flop
Seat 3: CashfishT (small blind) collected ($6)
Seat 4: jiji_cs166 (big blind) folded before Flop
Seat 5: z00mba folded before Flop (didn't bet)
Seat 6: worker0k folded before Flop (didn't bet)



PokerStars Hand #254489055896:  Hold'em No Limit ($0.50/$1.00 USD) - 2025/01/21 20:21:11 WET [2025/01/21 15:21:11 ET]
Table 'Siri IV' 6-max Seat #3 is the button
Seat 1: robercarlos3 ($103.68 in chips) 
Seat 2: CichiChanMarian ($158.47 in chips) 
Seat 3: CashfishT ($111.36 in chips) 
Seat 4: jiji_cs166 ($97.09 in chips) 
Seat 5: z00mba ($100 in chips) 
Seat 6: worker0k ($103.06 in chips) 
jiji_cs166: posts small blind $0.50
z00mba: posts big blind $1
*** HOLE CARDS ***
worker0k: folds 
robercarlos3: folds 
CichiChanMarian: folds 
CashfishT: folds 
jiji_cs166: calls $0.50
z00mba: checks 
*** FLOP *** [Jd 7s Qd]
jiji_cs166: checks 
z00mba: checks 
*** TURN *** [Jd 7s Qd] [Qc]
jiji_cs166: bets $1
z00mba: folds 
Uncalled bet ($1) returned to jiji_cs166
jiji_cs166 collected $1.90 from pot
*** SUMMARY ***
Total pot $2 | Rake $0.10 
Board [Jd 7s Qd Qc]
Seat 1: robercarlos3 folded before Flop (didn't bet)
Seat 2: CichiChanMarian folded before Flop (didn't bet)
Seat 3: CashfishT (button) folded before Flop (didn't bet)
Seat 4: jiji_cs166 (small blind) collected ($1.90)
Seat 5: z00mba (big blind) folded on the Turn
Seat 6: worker0k folded before Flop (didn't bet)



PokerStars Hand #254489064619:  Hold'em No Limit ($0.50/$1.00 USD) - 2025/01/21 20:21:40 WET [2025/01/21 15:21:40 ET]
Table 'Siri IV' 6-max Seat #4 is the button
Seat 1: robercarlos3 ($103.68 in chips) 
Seat 2: CichiChanMarian ($158.47 in chips) 
Seat 3: CashfishT ($111.36 in chips) 
Seat 4: jiji_cs166 ($97.99 in chips) 
Seat 5: z00mba ($100 in chips) 
Seat 6: worker0k ($103.06 in chips) 
z00mba: posts small blind $0.50
worker0k: posts big blind $1
*** HOLE CARDS ***
robercarlos3: folds 
CichiChanMarian: folds 
CashfishT: folds 
jiji_cs166: folds 
z00mba: folds 
Uncalled bet ($0.50) returned to worker0k
worker0k collected $1 from pot
*** SUMMARY ***
Total pot $1 | Rake $0 
Seat 1: robercarlos3 folded before Flop (didn't bet)
Seat 2: CichiChanMarian folded before Flop (didn't bet)
Seat 3: CashfishT folded before Flop (didn't bet)
Seat 4: jiji_cs166 (button) folded before Flop (didn't bet)
Seat 5: z00mba (small blind) folded before Flop
Seat 6: worker0k (big blind) collected ($1)



PokerStars Hand #254489071720:  Hold'em No Limit ($0.50/$1.00 USD) - 2025/01/21 20:22:03 WET [2025/01/21 15:22:03 ET]
Table 'Siri IV' 6-max Seat #5 is the button
Seat 1: robercarlos3 ($103.68 in chips) 
Seat 2: CichiChanMarian ($158.47 in chips) 
Seat 3: CashfishT ($111.36 in chips) 
Seat 4: jiji_cs166 ($97.99 in chips) 
Seat 5: z00mba ($100 in chips) 
Seat 6: worker0k ($103.56 in chips) 
worker0k: posts small blind $0.50
robercarlos3: posts big blind $1
*** HOLE CARDS ***
CichiChanMarian: raises $1.50 to $2.50
CashfishT: folds 
jiji_cs166: folds 
z00mba: folds 
worker0k: folds 
robercarlos3: folds 
Uncalled bet ($1.50) returned to CichiChanMarian
CichiChanMarian collected $2.50 from pot
CichiChanMarian: doesn't show hand 
*** SUMMARY ***
Total pot $2.50 | Rake $0 
Seat 1: robercarlos3 (big blind) folded before Flop
Seat 2: CichiChanMarian collected ($2.50)
Seat 3: CashfishT folded before Flop (didn't bet)
Seat 4: jiji_cs166 folded before Flop (didn't bet)
Seat 5: z00mba (button) folded before Flop (didn't bet)
Seat 6: worker0k (small blind) folded before Flop



PokerStars Hand #254489075742:  Hold'em No Limit ($0.50/$1.00 USD) - 2025/01/21 20:22:17 WET [2025/01/21 15:22:17 ET]
Table 'Siri IV' 6-max Seat #6 is the button
Seat 1: robercarlos3 ($102.68 in chips) 
Seat 2: CichiChanMarian ($159.97 in chips) 
Seat 3: CashfishT ($111.36 in chips) 
Seat 4: jiji_cs166 ($97.99 in chips) 
Seat 5: z00mba ($100 in chips) 
Seat 6: worker0k ($103.06 in chips) 
robercarlos3: posts small blind $0.50
CichiChanMarian: posts big blind $1
*** HOLE CARDS ***
CashfishT: folds 
jiji_cs166: calls $1
CashfishT leaves the table
z00mba: folds 
worker0k: folds 
robercarlos3: folds 
CichiChanMarian: checks 
*** FLOP *** [9d Kd 7s]
CichiChanMarian: checks 
jiji_cs166: checks 
*** TURN *** [9d Kd 7s] [5s]
Joker007r joins the table at seat #3 
CichiChanMarian: bets $1.78
jiji_cs166: calls $1.78
*** RIVER *** [9d Kd 7s 5s] [Qh]
CichiChanMarian: checks 
jiji_cs166: checks 
*** SHOW DOWN ***
CichiChanMarian: shows [5d 2s] (a pair of Fives)
jiji_cs166: mucks hand 
CichiChanMarian collected $5.76 from pot
*** SUMMARY ***
Total pot $6.06 | Rake $0.30 
Board [9d Kd 7s 5s Qh]
Seat 1: robercarlos3 (small blind) folded before Flop
Seat 2: CichiChanMarian (big blind) showed [5d 2s] and won ($5.76) with a pair of Fives
Seat 3: CashfishT folded before Flop (didn't bet)
Seat 4: jiji_cs166 mucked
Seat 5: z00mba folded before Flop (didn't bet)
Seat 6: worker0k (button) folded before Flop (didn't bet)



PokerStars Hand #254489085664:  Hold'em No Limit ($0.50/$1.00 USD) - 2025/01/21 20:22:50 WET [2025/01/21 15:22:50 ET]
Table 'Siri IV' 6-max Seat #1 is the button
Seat 1: robercarlos3 ($102.18 in chips) 
Seat 2: CichiChanMarian ($162.95 in chips) 
Seat 3: Joker007r ($100 in chips) 
Seat 4: jiji_cs166 ($95.21 in chips) 
Seat 5: z00mba ($100 in chips) 
Seat 6: worker0k ($103.06 in chips) 
CichiChanMarian: posts small blind $0.50
Joker007r: posts big blind $1
*** HOLE CARDS ***
jiji_cs166: raises $2 to $3
z00mba: folds 
worker0k: folds 
robercarlos3: raises $6 to $9
CichiChanMarian: folds 
Joker007r: folds 
jiji_cs166: folds 
Uncalled bet ($6) returned to robercarlos3
robercarlos3 collected $7.50 from pot
robercarlos3: doesn't show hand 
*** SUMMARY ***
Total pot $7.50 | Rake $0 
Seat 1: robercarlos3 (button) collected ($7.50)
Seat 2: CichiChanMarian (small blind) folded before Flop
Seat 3: Joker007r (big blind) folded before Flop
Seat 4: jiji_cs166 folded before Flop
Seat 5: z00mba folded before Flop (didn't bet)
Seat 6: worker0k folded before Flop (didn't bet)



PokerStars Hand #254489093109:  Hold'em No Limit ($0.50/$1.00 USD) - 2025/01/21 20:23:14 WET [2025/01/21 15:23:14 ET]
Table 'Siri IV' 6-max Seat #2 is the button
Seat 1: robercarlos3 ($106.68 in chips) 
Seat 2: CichiChanMarian ($162.45 in chips) 
Seat 3: Joker007r ($100 in chips) 
Seat 4: jiji_cs166 ($92.21 in chips) 
Seat 5: z00mba ($100 in chips) 
Seat 6: worker0k ($103.06 in chips) 
Joker007r: posts small blind $0.50
jiji_cs166: posts big blind $1
*** HOLE CARDS ***
z00mba: folds 
worker0k: raises $1.30 to $2.30
robercarlos3: folds 
CichiChanMarian: folds 
Joker007r: folds 
jiji_cs166: calls $1.30
*** FLOP *** [Kd 5h Js]
jiji_cs166: checks 
worker0k: bets $2.42
jiji_cs166: raises $9.68 to $12.10
worker0k: folds 
Uncalled bet ($9.68) returned to jiji_cs166
jiji_cs166 collected $9.44 from pot
jiji_cs166: shows [Jh 5s] (two pair, Jacks and Fives)
*** SUMMARY ***
Total pot $9.94 | Rake $0.50 
Board [Kd 5h Js]
Seat 1: robercarlos3 folded before Flop (didn't bet)
Seat 2: CichiChanMarian (button) folded before Flop (didn't bet)
Seat 3: Joker007r (small blind) folded before Flop
Seat 4: jiji_cs166 (big blind) collected ($9.44)
Seat 5: z00mba folded before Flop (didn't bet)
Seat 6: worker0k folded on the Flop



PokerStars Hand #254489102922:  Hold'em No Limit ($0.50/$1.00 USD) - 2025/01/21 20:23:47 WET [2025/01/21 15:23:47 ET]
Table 'Siri IV' 6-max Seat #3 is the button
Seat 1: robercarlos3 ($106.68 in chips) 
Seat 2: CichiChanMarian ($162.45 in chips) 
Seat 3: Joker007r ($100 in chips) 
Seat 4: jiji_cs166 ($96.93 in chips) 
Seat 5: z00mba ($100 in chips) 
Seat 6: worker0k ($100 in chips) 
jiji_cs166: posts small blind $0.50
z00mba: posts big blind $1
*** HOLE CARDS ***
worker0k: raises $1.30 to $2.30
robercarlos3: folds 
CichiChanMarian: folds 
Joker007r: raises $4.60 to $6.90
jiji_cs166: calls $6.40
z00mba: folds 
worker0k: folds 
*** FLOP *** [2c 5d As]
jiji_cs166: checks 
Joker007r: bets $5.36
jiji_cs166: folds 
Uncalled bet ($5.36) returned to Joker007r
Joker007r collected $16.24 from pot
Joker007r: doesn't show hand 
*** SUMMARY ***
Total pot $17.10 | Rake $0.86 
Board [2c 5d As]
Seat 1: robercarlos3 folded before Flop (didn't bet)
Seat 2: CichiChanMarian folded before Flop (didn't bet)
Seat 3: Joker007r (button) collected ($16.24)
Seat 4: jiji_cs166 (small blind) folded on the Flop
Seat 5: z00mba (big blind) folded before Flop
Seat 6: worker0k folded before Flop



PokerStars Hand #254489111287:  Hold'em No Limit ($0.50/$1.00 USD) - 2025/01/21 20:24:15 WET [2025/01/21 15:24:15 ET]
Table 'Siri IV' 6-max Seat #4 is the button
Seat 1: robercarlos3 ($106.68 in chips) 
Seat 2: CichiChanMarian ($162.45 in chips) 
Seat 3: Joker007r ($109.34 in chips) 
Seat 4: jiji_cs166 ($90.03 in chips) 
Seat 5: z00mba ($100 in chips) 
Seat 6: worker0k ($100 in chips) 
z00mba: posts small blind $0.50
worker0k: posts big blind $1
*** HOLE CARDS ***
robercarlos3: folds 
CichiChanMarian: raises $1.50 to $2.50
Joker007r: folds 
jiji_cs166: folds 
z00mba: folds 
worker0k: calls $1.50
*** FLOP *** [Jh Qc 6h]
worker0k: checks 
CichiChanMarian: bets $1.72
worker0k: calls $1.72
*** TURN *** [Jh Qc 6h] [5s]
worker0k: checks 
CichiChanMarian: checks 
*** RIVER *** [Jh Qc 6h 5s] [Ts]
worker0k: checks 
CichiChanMarian: checks 
*** SHOW DOWN ***
worker0k: shows [Kh Js] (a pair of Jacks)
CichiChanMarian: mucks hand 
worker0k collected $8.49 from pot
*** SUMMARY ***
Total pot $8.94 | Rake $0.45 
Board [Jh Qc 6h 5s Ts]
Seat 1: robercarlos3 folded before Flop (didn't bet)
Seat 2: CichiChanMarian mucked
Seat 3: Joker007r folded before Flop (didn't bet)
Seat 4: jiji_cs166 (button) folded before Flop (didn't bet)
Seat 5: z00mba (small blind) folded before Flop
Seat 6: worker0k (big blind) showed [Kh Js] and won ($8.49) with a pair of Jacks



PokerStars Hand #254489121188:  Hold'em No Limit ($0.50/$1.00 USD) - 2025/01/21 20:24:48 WET [2025/01/21 15:24:48 ET]
Table 'Siri IV' 6-max Seat #5 is the button
Seat 1: robercarlos3 ($106.68 in chips) 
Seat 2: CichiChanMarian ($158.23 in chips) 
Seat 3: Joker007r ($109.34 in chips) 
Seat 4: jiji_cs166 ($90.03 in chips) 
Seat 5: z00mba ($100 in chips) 
Seat 6: worker0k ($104.27 in chips) 
worker0k: posts small blind $0.50
robercarlos3: posts big blind $1
*** HOLE CARDS ***
CichiChanMarian: folds 
Joker007r: raises $2 to $3
jiji_cs166: folds 
z00mba: folds 
worker0k: folds 
robercarlos3: folds 
Uncalled bet ($2) returned to Joker007r
Joker007r collected $2.50 from pot
Joker007r: doesn't show hand 
*** SUMMARY ***
Total pot $2.50 | Rake $0 
Seat 1: robercarlos3 (big blind) folded before Flop
Seat 2: CichiChanMarian folded before Flop (didn't bet)
Seat 3: Joker007r collected ($2.50)
Seat 4: jiji_cs166 folded before Flop (didn't bet)
Seat 5: z00mba (button) folded before Flop (didn't bet)
Seat 6: worker0k (small blind) folded before Flop



PokerStars Hand #254489125803:  Hold'em No Limit ($0.50/$1.00 USD) - 2025/01/21 20:25:03 WET [2025/01/21 15:25:03 ET]
Table 'Siri IV' 6-max Seat #6 is the button
Seat 1: robercarlos3 ($105.68 in chips) 
Seat 2: CichiChanMarian ($158.23 in chips) 
Seat 3: Joker007r ($110.84 in chips) 
Seat 4: jiji_cs166 ($90.03 in chips) 
Seat 5: z00mba ($100 in chips) 
Seat 6: worker0k ($103.77 in chips) 
robercarlos3: posts small blind $0.50
CichiChanMarian: posts big blind $1
*** HOLE CARDS ***
Joker007r: folds 
jiji_cs166: calls $1
z00mba: folds 
worker0k: folds 
robercarlos3: calls $0.50
CichiChanMarian: raises $4 to $5
jiji_cs166: calls $4
robercarlos3: folds 
*** FLOP *** [5h 2c 5c]
CichiChanMarian: checks 
jiji_cs166: bets $10.45
CichiChanMarian: raises $142.78 to $153.23 and is all-in
jiji_cs166: folds 
Uncalled bet ($142.78) returned to CichiChanMarian
CichiChanMarian collected $30.30 from pot
CichiChanMarian: doesn't show hand 
*** SUMMARY ***
Total pot $31.90 | Rake $1.60 
Board [5h 2c 5c]
Seat 1: robercarlos3 (small blind) folded before Flop
Seat 2: CichiChanMarian (big blind) collected ($30.30)
Seat 3: Joker007r folded before Flop (didn't bet)
Seat 4: jiji_cs166 folded on the Flop
Seat 5: z00mba folded before Flop (didn't bet)
Seat 6: worker0k (button) folded before Flop (didn't bet)



PokerStars Hand #254489136154:  Hold'em No Limit ($0.50/$1.00 USD) - 2025/01/21 20:25:37 WET [2025/01/21 15:25:37 ET]
Table 'Siri IV' 6-max Seat #1 is the button
Seat 1: robercarlos3 ($104.68 in chips) 
Seat 2: CichiChanMarian ($173.08 in chips) 
Seat 3: Joker007r ($110.84 in chips) 
Seat 4: jiji_cs166 ($74.58 in chips) 
Seat 5: z00mba ($100 in chips) 
Seat 6: worker0k ($103.77 in chips) 
CichiChanMarian: posts small blind $0.50
Joker007r: posts big blind $1
*** HOLE CARDS ***
jiji_cs166: calls $1
z00mba: raises $3 to $4
worker0k: folds 
robercarlos3: folds 
CichiChanMarian: folds 
Joker007r: folds 
jiji_cs166: calls $3
*** FLOP *** [Jc 5h 3h]
jiji_cs166: checks 
z00mba: bets $5
jiji_cs166: calls $5
*** TURN *** [Jc 5h 3h] [Td]
jiji_cs166: checks 
z00mba: bets $12
jiji_cs166: folds 
Uncalled bet ($12) returned to z00mba
z00mba collected $18.52 from pot
z00mba: doesn't show hand 
*** SUMMARY ***
Total pot $19.50 | Rake $0.98 
Board [Jc 5h 3h Td]
Seat 1: robercarlos3 (button) folded before Flop (didn't bet)
Seat 2: CichiChanMarian (small blind) folded before Flop
Seat 3: Joker007r (big blind) folded before Flop
Seat 4: jiji_cs166 folded on the Turn
Seat 5: z00mba collected ($18.52)
Seat 6: worker0k folded before Flop (didn't bet)



PokerStars Hand #254489149470:  Hold'em No Limit ($0.50/$1.00 USD) - 2025/01/21 20:26:21 WET [2025/01/21 15:26:21 ET]
Table 'Siri IV' 6-max Seat #2 is the button
Seat 1: robercarlos3 ($104.68 in chips) 
Seat 2: CichiChanMarian ($172.58 in chips) 
Seat 3: Joker007r ($109.84 in chips) 
Seat 4: jiji_cs166 ($65.58 in chips) 
Seat 5: z00mba ($109.52 in chips) 
Seat 6: worker0k ($103.77 in chips) 
Joker007r: posts small blind $0.50
jiji_cs166: posts big blind $1
*** HOLE CARDS ***
z00mba: folds 
worker0k: raises $2 to $3
robercarlos3: folds 
CichiChanMarian: folds 
Joker007r: folds 
jiji_cs166: folds 
Uncalled bet ($2) returned to worker0k
worker0k collected $2.50 from pot
*** SUMMARY ***
Total pot $2.50 | Rake $0 
Seat 1: robercarlos3 folded before Flop (didn't bet)
Seat 2: CichiChanMarian (button) folded before Flop (didn't bet)
Seat 3: Joker007r (small blind) folded before Flop
Seat 4: jiji_cs166 (big blind) folded before Flop
Seat 5: z00mba folded before Flop (didn't bet)
Seat 6: worker0k collected ($2.50)



PokerStars Hand #254489153247:  Hold'em No Limit ($0.50/$1.00 USD) - 2025/01/21 20:26:34 WET [2025/01/21 15:26:34 ET]
Table 'Siri IV' 6-max Seat #3 is the button
Seat 1: robercarlos3 ($104.68 in chips) 
Seat 2: CichiChanMarian ($172.58 in chips) 
Seat 3: Joker007r ($109.34 in chips) 
Seat 4: jiji_cs166 ($64.58 in chips) 
Seat 5: z00mba ($109.52 in chips) 
Seat 6: worker0k ($105.27 in chips) 
jiji_cs166: posts small blind $0.50
z00mba: posts big blind $1
*** HOLE CARDS ***
worker0k: folds 
robercarlos3: raises $1.30 to $2.30
CichiChanMarian: folds 
Joker007r: folds 
jiji_cs166: calls $1.80
z00mba: calls $1.30
*** FLOP *** [2c Js 4s]
jiji_cs166: checks 
z00mba: checks 
robercarlos3: bets $2.10
jiji_cs166: calls $2.10
z00mba: folds 
*** TURN *** [2c Js 4s] [Ks]
jiji_cs166: checks 
robercarlos3: bets $8.12
jiji_cs166: folds 
Uncalled bet ($8.12) returned to robercarlos3
robercarlos3 collected $10.54 from pot
robercarlos3: doesn't show hand 
*** SUMMARY ***
Total pot $11.10 | Rake $0.56 
Board [2c Js 4s Ks]
Seat 1: robercarlos3 collected ($10.54)
Seat 2: CichiChanMarian folded before Flop (didn't bet)
Seat 3: Joker007r (button) folded before Flop (didn't bet)
Seat 4: jiji_cs166 (small blind) folded on the Turn
Seat 5: z00mba (big blind) folded on the Flop
Seat 6: worker0k folded before Flop (didn't bet)



PokerStars Hand #254489172432:  Hold'em No Limit ($0.50/$1.00 USD) - 2025/01/21 20:27:38 WET [2025/01/21 15:27:38 ET]
Table 'Siri IV' 6-max Seat #4 is the button
Seat 1: robercarlos3 ($110.82 in chips) 
Seat 2: CichiChanMarian ($172.58 in chips) 
Seat 3: Joker007r ($109.34 in chips) 
Seat 4: jiji_cs166 ($60.18 in chips) 
Seat 5: z00mba ($107.22 in chips) 
Seat 6: worker0k ($105.27 in chips) 
z00mba: posts small blind $0.50
worker0k: posts big blind $1
*** HOLE CARDS ***
robercarlos3: folds 
CichiChanMarian: folds 
Joker007r: folds 
jiji_cs166: folds 
z00mba: raises $2 to $3
worker0k: raises $6 to $9
z00mba: folds 
Uncalled bet ($6) returned to worker0k
worker0k collected $6 from pot
*** SUMMARY ***
Total pot $6 | Rake $0 
Seat 1: robercarlos3 folded before Flop (didn't bet)
Seat 2: CichiChanMarian folded before Flop (didn't bet)
Seat 3: Joker007r folded before Flop (didn't bet)
Seat 4: jiji_cs166 (button) folded before Flop (didn't bet)
Seat 5: z00mba (small blind) folded before Flop
Seat 6: worker0k (big blind) collected ($6)



PokerStars Hand #254489177903:  Hold'em No Limit ($0.50/$1.00 USD) - 2025/01/21 20:27:56 WET [2025/01/21 15:27:56 ET]
Table 'Siri IV' 6-max Seat #5 is the button
Seat 1: robercarlos3 ($110.82 in chips) 
Seat 2: CichiChanMarian ($172.58 in chips) 
Seat 3: Joker007r ($109.34 in chips) 
Seat 4: jiji_cs166 ($60.18 in chips) 
Seat 5: z00mba ($104.22 in chips) 
Seat 6: worker0k ($108.27 in chips) 
worker0k: posts small blind $0.50
robercarlos3: posts big blind $1
*** HOLE CARDS ***
CichiChanMarian: folds 
Joker007r: folds 
jiji_cs166: folds 
z00mba: folds 
worker0k: folds 
Uncalled bet ($0.50) returned to robercarlos3
robercarlos3 collected $1 from pot
robercarlos3: doesn't show hand 
*** SUMMARY ***
Total pot $1 | Rake $0 
Seat 1: robercarlos3 (big blind) collected ($1)
Seat 2: CichiChanMarian folded before Flop (didn't bet)
Seat 3: Joker007r folded before Flop (didn't bet)
Seat 4: jiji_cs166 folded before Flop (didn't bet)
Seat 5: z00mba (button) folded before Flop (didn't bet)
Seat 6: worker0k (small blind) folded before Flop



PokerStars Hand #254489180670:  Hold'em No Limit ($0.50/$1.00 USD) - 2025/01/21 20:28:05 WET [2025/01/21 15:28:05 ET]
Table 'Siri IV' 6-max Seat #6 is the button
Seat 1: robercarlos3 ($111.32 in chips) 
Seat 2: CichiChanMarian ($172.58 in chips) 
Seat 3: Joker007r ($109.34 in chips) 
Seat 4: jiji_cs166 ($60.18 in chips) 
Seat 5: z00mba ($104.22 in chips) 
Seat 6: worker0k ($107.77 in chips) 
robercarlos3: posts small blind $0.50
CichiChanMarian: posts big blind $1
*** HOLE CARDS ***
Joker007r: raises $2 to $3
jiji_cs166: calls $3
z00mba: raises $9 to $12
worker0k: folds 
robercarlos3: folds 
CichiChanMarian: folds 
Joker007r: raises $97.34 to $109.34 and is all-in
jiji_cs166: folds 
z00mba: folds 
Uncalled bet ($97.34) returned to Joker007r
Joker007r collected $28.50 from pot
Joker007r: doesn't show hand 
*** SUMMARY ***
Total pot $28.50 | Rake $0 
Seat 1: robercarlos3 (small blind) folded before Flop
Seat 2: CichiChanMarian (big blind) folded before Flop
Seat 3: Joker007r collected ($28.50)
Seat 4: jiji_cs166 folded before Flop
Seat 5: z00mba folded before Flop
Seat 6: worker0k (button) folded before Flop (didn't bet)



PokerStars Hand #254489310880:  Hold'em No Limit ($0.50/$1.00 USD) - 2025/01/21 20:35:22 WET [2025/01/21 15:35:22 ET]
Table 'Siri IV' 6-max Seat #1 is the button
Seat 1: robercarlos3 ($100 in chips) 
Seat 2: CichiChanMarian ($150.09 in chips) 
Seat 3: Joker007r ($130.48 in chips) 
Seat 4: jiji_cs166 ($77.41 in chips) 
Seat 5: z00mba ($109.97 in chips) 
Seat 6: worker0k ($106.36 in chips) 
CichiChanMarian: posts small blind $0.50
Joker007r: posts big blind $1
*** HOLE CARDS ***
jiji_cs166 is connected 
jiji_cs166: calls $1
z00mba: folds 
worker0k: folds 
robercarlos3: folds 
CichiChanMarian: raises $4 to $5
Joker007r: calls $4
jiji_cs166: raises $72.41 to $77.41 and is all-in
CichiChanMarian: folds 
Joker007r: folds 
Uncalled bet ($72.41) returned to jiji_cs166
jiji_cs166 collected $15 from pot
*** SUMMARY ***
Total pot $15 | Rake $0 
Seat 1: robercarlos3 (button) folded before Flop (didn't bet)
Seat 2: CichiChanMarian (small blind) folded before Flop
Seat 3: Joker007r (big blind) folded before Flop
Seat 4: jiji_cs166 collected ($15)
Seat 5: z00mba folded before Flop (didn't bet)
Seat 6: worker0k folded before Flop (didn't bet)



PokerStars Hand #254489324828:  Hold'em No Limit ($0.50/$1.00 USD) - 2025/01/21 20:36:09 WET [2025/01/21 15:36:09 ET]
Table 'Siri IV' 6-max Seat #2 is the button
Seat 1: robercarlos3 ($100 in chips) 
Seat 2: CichiChanMarian ($145.09 in chips) 
Seat 3: Joker007r ($125.48 in chips) 
Seat 4: jiji_cs166 ($87.41 in chips) 
Seat 5: z00mba ($109.97 in chips) 
Seat 6: worker0k ($106.36 in chips) 
Joker007r: posts small blind $0.50
jiji_cs166: posts big blind $1
*** HOLE CARDS ***
z00mba: raises $1.50 to $2.50
worker0k: folds 
robercarlos3: folds 
CichiChanMarian: folds 
Joker007r: folds 
jiji_cs166: calls $1.50
*** FLOP *** [3s Kd Qd]
jiji_cs166: checks 
z00mba: checks 
*** TURN *** [3s Kd Qd] [8c]
jiji_cs166: checks 
z00mba: checks 
*** RIVER *** [3s Kd Qd 8c] [Kh]
jiji_cs166: checks 
z00mba: checks 
*** SHOW DOWN ***
jiji_cs166: shows [Tc As] (a pair of Kings)
z00mba: shows [Js Ah] (a pair of Kings - Ace+Queen+Jack kicker)
z00mba collected $5.22 from pot
*** SUMMARY ***
Total pot $5.50 | Rake $0.28 
Board [3s Kd Qd 8c Kh]
Seat 1: robercarlos3 folded before Flop (didn't bet)
Seat 2: CichiChanMarian (button) folded before Flop (didn't bet)
Seat 3: Joker007r (small blind) folded before Flop
Seat 4: jiji_cs166 (big blind) showed [Tc As] and lost with a pair of Kings
Seat 5: z00mba showed [Js Ah] and won ($5.22) with a pair of Kings
Seat 6: worker0k folded before Flop (didn't bet)



PokerStars Hand #254489336079:  Hold'em No Limit ($0.50/$1.00 USD) - 2025/01/21 20:36:47 WET [2025/01/21 15:36:47 ET]
Table 'Siri IV' 6-max Seat #3 is the button
Seat 4: jiji_cs166 ($84.91 in chips) is sitting out
Seat 1: robercarlos3 ($100 in chips) 
Seat 2: CichiChanMarian ($145.09 in chips) 
Seat 3: Joker007r ($124.98 in chips) 
Seat 5: z00mba ($112.69 in chips) 
Seat 6: worker0k ($106.36 in chips) 
jiji_cs166 has timed out
jiji_cs166: is sitting out 
z00mba: posts small blind $0.50
worker0k: posts big blind $1
*** HOLE CARDS ***
robercarlos3: folds 
CichiChanMarian: raises $1.50 to $2.50
Joker007r: raises $5 to $7.50
z00mba: folds 
worker0k: folds 
jiji_cs166 leaves the table
CichiChanMarian: calls $5
*** FLOP *** [Td Qh 5h]
CichiChanMarian: checks 
xxxZeka joins the table at seat #4 
Joker007r: bets $11.45
xxxZeka leaves the table
CichiChanMarian: folds 
Uncalled bet ($11.45) returned to Joker007r
Joker007r collected $15.68 from pot
Joker007r: doesn't show hand 
BumHuntKing joins the table at seat #4 
*** SUMMARY ***
Total pot $16.50 | Rake $0.82 
Board [Td Qh 5h]
Seat 4: jiji_cs166
Seat 1: robercarlos3 folded before Flop (didn't bet)
Seat 2: CichiChanMarian folded on the Flop
Seat 3: Joker007r (button) collected ($15.68)
Seat 5: z00mba (small blind) folded before Flop
Seat 6: worker0k (big blind) folded before Flop



PokerStars Hand #254489350830:  Hold'em No Limit ($0.50/$1.00 USD) - 2025/01/21 20:37:37 WET [2025/01/21 15:37:37 ET]
Table 'Siri IV' 6-max Seat #5 is the button
Seat 2: CichiChanMarian ($137.59 in chips) is sitting out
Seat 4: BumHuntKing ($100 in chips) is sitting out
Seat 6: worker0k ($105.36 in chips) is sitting out
Seat 1: robercarlos3 ($100 in chips) 
Seat 3: Joker007r ($133.16 in chips) 
Seat 5: z00mba ($112.19 in chips) 
robercarlos3: posts small blind $0.50
CichiChanMarian: is sitting out 
Joker007r: posts big blind $1
BumHuntKing: sits out 
*** HOLE CARDS ***
z00mba: folds 
CichiChanMarian leaves the table
robercarlos3: folds 
Uncalled bet ($0.50) returned to Joker007r
worker0k leaves the table
Joker007r collected $1 from pot
Joker007r: doesn't show hand 
michasia joins the table at seat #6 
*** SUMMARY ***
Total pot $1 | Rake $0 
Seat 2: CichiChanMarian
Seat 4: BumHuntKing
Seat 6: worker0k
Seat 1: robercarlos3 (small blind) folded before Flop
Seat 3: Joker007r (big blind) collected ($1)
Seat 5: z00mba (button) folded before Flop (didn't bet)



PokerStars Hand #254489355209:  Hold'em No Limit ($0.50/$1.00 USD) - 2025/01/21 20:37:52 WET [2025/01/21 15:37:52 ET]
Table 'Siri IV' 6-max Seat #1 is the button
Seat 6: michasia ($100 in chips) is sitting out
Seat 1: robercarlos3 ($100 in chips) 
Seat 3: Joker007r ($133.66 in chips) 
Seat 4: BumHuntKing ($100 in chips) 
Seat 5: z00mba ($112.19 in chips) 
Joker007r: posts small blind $0.50
BumHuntKing: posts big blind $1
michasia: sits out 
*** HOLE CARDS ***
z00mba: folds 
robercarlos3: raises $1.50 to $2.50
z00mba leaves the table
Joker007r: raises $8.50 to $11
BumHuntKing: folds 
robercarlos3: folds 
Uncalled bet ($8.50) returned to Joker007r
Joker007r collected $6 from pot
Joker007r: doesn't show hand 
*** SUMMARY ***
Total pot $6 | Rake $0 
Seat 6: michasia
Seat 1: robercarlos3 (button) folded before Flop
Seat 3: Joker007r (small blind) collected ($6)
Seat 4: BumHuntKing (big blind) folded before Flop
Seat 5: z00mba folded before Flop (didn't bet)



PokerStars Hand #254489363092:  Hold'em No Limit ($0.50/$1.00 USD) - 2025/01/21 20:38:19 WET [2025/01/21 15:38:19 ET]
Table 'Siri IV' 6-max Seat #3 is the button
Seat 1: robercarlos3 ($100 in chips) 
Seat 3: Joker007r ($137.16 in chips) 
Seat 4: BumHuntKing ($100 in chips) 
Seat 6: michasia ($100 in chips) 
BumHuntKing: posts small blind $0.50
michasia: posts big blind $1
*** HOLE CARDS ***
robercarlos3: folds 
Joker007r: folds 
BumHuntKing: folds 
Uncalled bet ($0.50) returned to michasia
michasia collected $1 from pot
michasia: doesn't show hand 
*** SUMMARY ***
Total pot $1 | Rake $0 
Seat 1: robercarlos3 folded before Flop (didn't bet)
Seat 3: Joker007r (button) folded before Flop (didn't bet)
Seat 4: BumHuntKing (small blind) folded before Flop
Seat 6: michasia (big blind) collected ($1)



PokerStars Hand #254489367103:  Hold'em No Limit ($0.50/$1.00 USD) - 2025/01/21 20:38:32 WET [2025/01/21 15:38:32 ET]
Table 'Siri IV' 6-max Seat #4 is the button
Seat 1: robercarlos3 ($100 in chips) 
Seat 3: Joker007r ($137.16 in chips) 
Seat 4: BumHuntKing ($100 in chips) 
Seat 6: michasia ($100.50 in chips) 
michasia: posts small blind $0.50
robercarlos3: posts big blind $1
*** HOLE CARDS ***
Joker007r: raises $1.50 to $2.50
BumHuntKing: raises $5 to $7.50
michasia: folds 
robercarlos3: folds 
Joker007r: folds 
Uncalled bet ($5) returned to BumHuntKing
BumHuntKing collected $6.50 from pot
BumHuntKing: doesn't show hand 
*** SUMMARY ***
Total pot $6.50 | Rake $0 
Seat 1: robercarlos3 (big blind) folded before Flop
Seat 3: Joker007r folded before Flop
Seat 4: BumHuntKing (button) collected ($6.50)
Seat 6: michasia (small blind) folded before Flop



PokerStars Hand #254489372723:  Hold'em No Limit ($0.50/$1.00 USD) - 2025/01/21 20:38:51 WET [2025/01/21 15:38:51 ET]
Table 'Siri IV' 6-max Seat #6 is the button
Seat 3: Joker007r ($134.66 in chips) is sitting out
Seat 1: robercarlos3 ($100 in chips) 
Seat 4: BumHuntKing ($104 in chips) 
Seat 6: michasia ($100 in chips) 
robercarlos3: posts small blind $0.50
Joker007r: is sitting out 
BumHuntKing: posts big blind $1
*** HOLE CARDS ***
michasia: raises $1.80 to $2.80
Joker007r leaves the table
robercarlos3: folds 
BumHuntKing: raises $9.20 to $12
michasia: folds 
Uncalled bet ($9.20) returned to BumHuntKing
BumHuntKing collected $6.10 from pot
BumHuntKing: doesn't show hand 
*** SUMMARY ***
Total pot $6.10 | Rake $0 
Seat 3: Joker007r
Seat 1: robercarlos3 (small blind) folded before Flop
Seat 4: BumHuntKing (big blind) collected ($6.10)
Seat 6: michasia (button) folded before Flop



PokerStars Hand #254489381371:  Hold'em No Limit ($0.50/$1.00 USD) - 2025/01/21 20:39:21 WET [2025/01/21 15:39:21 ET]
Table 'Siri IV' 6-max Seat #4 is the button
Seat 6: michasia ($100 in chips) is sitting out
Seat 1: robercarlos3 ($100 in chips) 
Seat 4: BumHuntKing ($107.30 in chips) 
BumHuntKing: posts small blind $0.50
michasia: is sitting out 
robercarlos3: posts big blind $1
*** HOLE CARDS ***
michasia leaves the table
Unipoker11 joins the table at seat #5 
BumHuntKing: raises $1.50 to $2.50
robercarlos3: folds 
Uncalled bet ($1.50) returned to BumHuntKing
BumHuntKing collected $2 from pot
BumHuntKing: doesn't show hand 
*** SUMMARY ***
Total pot $2 | Rake $0 
Seat 6: michasia
Seat 1: robercarlos3 (big blind) folded before Flop
Seat 4: BumHuntKing (button) (small blind) collected ($2)



PokerStars Hand #254489386675:  Hold'em No Limit ($0.50/$1.00 USD) - 2025/01/21 20:39:39 WET [2025/01/21 15:39:39 ET]
Table 'Siri IV' 6-max Seat #1 is the button
Seat 1: robercarlos3 ($100 in chips) 
Seat 4: BumHuntKing ($108.30 in chips) 
Seat 5: Unipoker11 ($100 in chips) 
BumHuntKing: posts small blind $0.50
Unipoker11: posts big blind $1
*** HOLE CARDS ***
robercarlos3: folds 
BumHuntKing: folds 
Uncalled bet ($0.50) returned to Unipoker11
Unipoker11 collected $1 from pot
Unipoker11: doesn't show hand 
michasia joins the table at seat #2 
*** SUMMARY ***
Total pot $1 | Rake $0 
Seat 1: robercarlos3 (button) folded before Flop (didn't bet)
Seat 4: BumHuntKing (small blind) folded before Flop
Seat 5: Unipoker11 (big blind) collected ($1)



PokerStars Hand #254489390585:  Hold'em No Limit ($0.50/$1.00 USD) - 2025/01/21 20:39:52 WET [2025/01/21 15:39:52 ET]
Table 'Siri IV' 6-max Seat #4 is the button
Seat 2: michasia ($100 in chips) is sitting out
Seat 1: robercarlos3 ($100 in chips) 
Seat 4: BumHuntKing ($107.80 in chips) 
Seat 5: Unipoker11 ($100.50 in chips) 
Unipoker11: posts small blind $0.50
robercarlos3: posts big blind $1
michasia: sits out 
*** HOLE CARDS ***
BumHuntKing: folds 
Unipoker11: raises $2 to $3
robercarlos3: folds 
Uncalled bet ($2) returned to Unipoker11
Unipoker11 collected $2 from pot
Unipoker11: doesn't show hand 
*** SUMMARY ***
Total pot $2 | Rake $0 
Seat 2: michasia
Seat 1: robercarlos3 (big blind) folded before Flop
Seat 4: BumHuntKing (button) folded before Flop (didn't bet)
Seat 5: Unipoker11 (small blind) collected ($2)



