PokerStars Hand #254480984974:  Hold'em No Limit ($0.50/$1.00 USD) - 2025/01/21 7:14:13 WET [2025/01/21 2:14:13 ET]
Table 'Sahade III' 6-max Seat #1 is the button
Seat 4: ygrasill ($0 in chips) is sitting out
Seat 1: 4ikkiBamBoni ($113.82 in chips) 
Seat 2: peak joker33 ($100 in chips) 
Seat 3: amphii ($20 in chips) 
Seat 5: Burlica2013 ($100 in chips) 
Seat 6: mironchikvld ($111 in chips) 
peak joker33: posts small blind $0.50
amphii: posts big blind $1
*** HOLE CARDS ***
Burlica2013: folds 
mironchikvld: folds 
4ikkiBamBoni: raises $1.20 to $2.20
peak joker33: folds 
amphii: calls $1.20
*** FLOP *** [8s Kh Jd]
amphii: checks 
4ikkiBamBoni: checks 
*** TURN *** [8s Kh Jd] [Qd]
amphii: bets $3.50
4ikkiBamBoni: folds 
Uncalled bet ($3.50) returned to amphii
amphii collected $4.66 from pot
amphii: doesn't show hand 
*** SUMMARY ***
Total pot $4.90 | Rake $0.24 
Board [8s Kh Jd Qd]
Seat 4: ygrasill
Seat 1: 4ikkiBamBoni (button) folded on the Turn
Seat 2: peak joker33 (small blind) folded before Flop
Seat 3: amphii (big blind) collected ($4.66)
Seat 5: Burlica2013 folded before Flop (didn't bet)
Seat 6: mironchikvld folded before Flop (didn't bet)



PokerStars Hand #254480987073:  Hold'em No Limit ($0.50/$1.00 USD) - 2025/01/21 7:14:44 WET [2025/01/21 2:14:44 ET]
Table 'Sahade III' 6-max Seat #2 is the button
Seat 1: 4ikkiBamBoni ($111.62 in chips) 
Seat 2: peak joker33 ($100 in chips) 
Seat 3: amphii ($22.46 in chips) 
Seat 4: ygrasill ($10 in chips) 
Seat 5: Burlica2013 ($100 in chips) 
Seat 6: mironchikvld ($111 in chips) 
amphii: posts small blind $0.50
ygrasill: posts big blind $1
*** HOLE CARDS ***
Burlica2013: folds 
mironchikvld: raises $2 to $3
4ikkiBamBoni: folds 
peak joker33: folds 
ygrasill is disconnected 
amphii: folds 
ygrasill has timed out while disconnected
ygrasill: folds 
Uncalled bet ($2) returned to mironchikvld
mironchikvld collected $2.50 from pot
mironchikvld: doesn't show hand 
*** SUMMARY ***
Total pot $2.50 | Rake $0 
Seat 1: 4ikkiBamBoni folded before Flop (didn't bet)
Seat 2: peak joker33 (button) folded before Flop (didn't bet)
Seat 3: amphii (small blind) folded before Flop
Seat 4: ygrasill (big blind) folded before Flop
Seat 5: Burlica2013 folded before Flop (didn't bet)
Seat 6: mironchikvld collected ($2.50)



PokerStars Hand #254480989096:  Hold'em No Limit ($0.50/$1.00 USD) - 2025/01/21 7:15:15 WET [2025/01/21 2:15:15 ET]
Table 'Sahade III' 6-max Seat #3 is the button
Seat 4: ygrasill ($9 in chips) is sitting out
Seat 1: 4ikkiBamBoni ($111.62 in chips) 
Seat 2: peak joker33 ($100 in chips) 
Seat 3: amphii ($21.96 in chips) 
Seat 5: Burlica2013 ($100 in chips) 
Seat 6: mironchikvld ($112.50 in chips) 
Burlica2013: posts small blind $0.50
mironchikvld: posts big blind $1
*** HOLE CARDS ***
4ikkiBamBoni: raises $1.55 to $2.55
peak joker33: folds 
amphii: raises $19.41 to $21.96 and is all-in
Burlica2013: folds 
mironchikvld: folds 
4ikkiBamBoni: calls $19.41
*** FIRST FLOP *** [4s Jd 6h]
*** FIRST TURN *** [4s Jd 6h] [4d]
*** FIRST RIVER *** [4s Jd 6h 4d] [3d]
*** SECOND FLOP *** [Kh 5h 9d]
*** SECOND TURN *** [Kh 5h 9d] [Jc]
*** SECOND RIVER *** [Kh 5h 9d Jc] [7h]
*** FIRST SHOW DOWN ***
4ikkiBamBoni: shows [Th Ad] (a pair of Fours)
amphii: shows [Qc Kc] (a pair of Fours - lower kicker)
4ikkiBamBoni collected $21.58 from pot
*** SECOND SHOW DOWN ***
4ikkiBamBoni: shows [Th Ad] (high card Ace)
amphii: shows [Qc Kc] (a pair of Kings)
amphii collected $21.57 from pot
*** SUMMARY ***
Total pot $45.42 | Rake $2.27 
Hand was run twice
FIRST Board [4s Jd 6h 4d 3d]
SECOND Board [Kh 5h 9d Jc 7h]
Seat 4: ygrasill
Seat 1: 4ikkiBamBoni showed [Th Ad] and won ($21.58) with a pair of Fours, and lost with high card Ace
Seat 2: peak joker33 folded before Flop (didn't bet)
Seat 3: amphii (button) showed [Qc Kc] and lost with a pair of Fours, and won ($21.57) with a pair of Kings
Seat 5: Burlica2013 (small blind) folded before Flop
Seat 6: mironchikvld (big blind) folded before Flop



PokerStars Hand #254480991080:  Hold'em No Limit ($0.50/$1.00 USD) - 2025/01/21 7:15:45 WET [2025/01/21 2:15:45 ET]
Table 'Sahade III' 6-max Seat #5 is the button
Seat 1: 4ikkiBamBoni ($111.24 in chips) 
Seat 2: peak joker33 ($100 in chips) 
Seat 3: amphii ($21.57 in chips) 
Seat 4: ygrasill ($9 in chips) 
Seat 5: Burlica2013 ($100 in chips) 
Seat 6: mironchikvld ($111.50 in chips) 
mironchikvld: posts small blind $0.50
4ikkiBamBoni: posts big blind $1
ygrasill: posts small blind $0.50
*** HOLE CARDS ***
peak joker33: folds 
amphii: folds 
ygrasill: raises $3 to $4
Burlica2013: folds 
mironchikvld: folds 
4ikkiBamBoni: folds 
Uncalled bet ($3) returned to ygrasill
ygrasill collected $3 from pot
*** SUMMARY ***
Total pot $3 | Rake $0 
Seat 1: 4ikkiBamBoni (big blind) folded before Flop
Seat 2: peak joker33 folded before Flop (didn't bet)
Seat 3: amphii folded before Flop (didn't bet)
Seat 4: ygrasill collected ($3)
Seat 5: Burlica2013 (button) folded before Flop (didn't bet)
Seat 6: mironchikvld (small blind) folded before Flop



PokerStars Hand #254480992424:  Hold'em No Limit ($0.50/$1.00 USD) - 2025/01/21 7:16:05 WET [2025/01/21 2:16:05 ET]
Table 'Sahade III' 6-max Seat #6 is the button
Seat 1: 4ikkiBamBoni ($110.24 in chips) 
Seat 2: peak joker33 ($100 in chips) 
Seat 3: amphii ($21.57 in chips) 
Seat 4: ygrasill ($10.50 in chips) 
Seat 5: Burlica2013 ($100 in chips) 
Seat 6: mironchikvld ($111 in chips) 
4ikkiBamBoni: posts small blind $0.50
peak joker33: posts big blind $1
*** HOLE CARDS ***
amphii: folds 
ygrasill: raises $1 to $2
Burlica2013: folds 
mironchikvld: folds 
4ikkiBamBoni: folds 
peak joker33: raises $11 to $13
ygrasill: calls $8.50 and is all-in
Uncalled bet ($2.50) returned to peak joker33
*** FLOP *** [4s 8d Jd]
*** TURN *** [4s 8d Jd] [5s]
*** RIVER *** [4s 8d Jd 5s] [7s]
*** SHOW DOWN ***
peak joker33: shows [6s Ah] (a straight, Four to Eight)
ygrasill: shows [Jc As] (a pair of Jacks)
peak joker33 collected $20.42 from pot
*** SUMMARY ***
Total pot $21.50 | Rake $1.08 
Board [4s 8d Jd 5s 7s]
Seat 1: 4ikkiBamBoni (small blind) folded before Flop
Seat 2: peak joker33 (big blind) showed [6s Ah] and won ($20.42) with a straight, Four to Eight
Seat 3: amphii folded before Flop (didn't bet)
Seat 4: ygrasill showed [Jc As] and lost with a pair of Jacks
Seat 5: Burlica2013 folded before Flop (didn't bet)
Seat 6: mironchikvld (button) folded before Flop (didn't bet)



PokerStars Hand #254480994366:  Hold'em No Limit ($0.50/$1.00 USD) - 2025/01/21 7:16:34 WET [2025/01/21 2:16:34 ET]
Table 'Sahade III' 6-max Seat #1 is the button
Seat 4: ygrasill ($0 in chips) is sitting out
Seat 1: 4ikkiBamBoni ($109.74 in chips) 
Seat 2: peak joker33 ($109.92 in chips) 
Seat 3: amphii ($21.57 in chips) 
Seat 5: Burlica2013 ($100 in chips) 
Seat 6: mironchikvld ($111 in chips) 
peak joker33: posts small blind $0.50
amphii: posts big blind $1
*** HOLE CARDS ***
Burlica2013: raises $1.20 to $2.20
mironchikvld: folds 
4ikkiBamBoni: folds 
peak joker33: folds 
amphii: folds 
Uncalled bet ($1.20) returned to Burlica2013
Burlica2013 collected $2.50 from pot
Burlica2013: doesn't show hand 
*** SUMMARY ***
Total pot $2.50 | Rake $0 
Seat 4: ygrasill
Seat 1: 4ikkiBamBoni (button) folded before Flop (didn't bet)
Seat 2: peak joker33 (small blind) folded before Flop
Seat 3: amphii (big blind) folded before Flop
Seat 5: Burlica2013 collected ($2.50)
Seat 6: mironchikvld folded before Flop (didn't bet)



PokerStars Hand #254480995711:  Hold'em No Limit ($0.50/$1.00 USD) - 2025/01/21 7:16:55 WET [2025/01/21 2:16:55 ET]
Table 'Sahade III' 6-max Seat #2 is the button
Seat 1: 4ikkiBamBoni ($109.74 in chips) 
Seat 2: peak joker33 ($109.42 in chips) 
Seat 3: amphii ($20.57 in chips) 
Seat 4: ygrasill ($10 in chips) 
Seat 5: Burlica2013 ($101.50 in chips) 
Seat 6: mironchikvld ($111 in chips) 
amphii: posts small blind $0.50
ygrasill: posts big blind $1
*** HOLE CARDS ***
Burlica2013: raises $1.20 to $2.20
mironchikvld: folds 
4ikkiBamBoni: folds 
peak joker33: folds 
amphii: folds 
ygrasill: calls $1.20
*** FLOP *** [Jd 9d Ah]
ygrasill: checks 
Burlica2013: bets $1.54
ygrasill: folds 
Uncalled bet ($1.54) returned to Burlica2013
Burlica2013 collected $4.66 from pot
Burlica2013: doesn't show hand 
*** SUMMARY ***
Total pot $4.90 | Rake $0.24 
Board [Jd 9d Ah]
Seat 1: 4ikkiBamBoni folded before Flop (didn't bet)
Seat 2: peak joker33 (button) folded before Flop (didn't bet)
Seat 3: amphii (small blind) folded before Flop
Seat 4: ygrasill (big blind) folded on the Flop
Seat 5: Burlica2013 collected ($4.66)
Seat 6: mironchikvld folded before Flop (didn't bet)



PokerStars Hand #254480998001:  Hold'em No Limit ($0.50/$1.00 USD) - 2025/01/21 7:17:29 WET [2025/01/21 2:17:29 ET]
Table 'Sahade III' 6-max Seat #3 is the button
Seat 1: 4ikkiBamBoni ($109.74 in chips) 
Seat 2: peak joker33 ($109.42 in chips) 
Seat 3: amphii ($20.07 in chips) 
Seat 4: ygrasill ($7.80 in chips) 
Seat 5: Burlica2013 ($103.96 in chips) 
Seat 6: mironchikvld ($111 in chips) 
ygrasill: posts small blind $0.50
Burlica2013: posts big blind $1
*** HOLE CARDS ***
mironchikvld: folds 
4ikkiBamBoni: folds 
peak joker33: folds 
amphii: folds 
ygrasill: folds 
Uncalled bet ($0.50) returned to Burlica2013
Burlica2013 collected $1 from pot
Burlica2013: doesn't show hand 
*** SUMMARY ***
Total pot $1 | Rake $0 
Seat 1: 4ikkiBamBoni folded before Flop (didn't bet)
Seat 2: peak joker33 folded before Flop (didn't bet)
Seat 3: amphii (button) folded before Flop (didn't bet)
Seat 4: ygrasill (small blind) folded before Flop
Seat 5: Burlica2013 (big blind) collected ($1)
Seat 6: mironchikvld folded before Flop (didn't bet)



PokerStars Hand #254480999022:  Hold'em No Limit ($0.50/$1.00 USD) - 2025/01/21 7:17:45 WET [2025/01/21 2:17:45 ET]
Table 'Sahade III' 6-max Seat #4 is the button
Seat 1: 4ikkiBamBoni ($109.74 in chips) 
Seat 2: peak joker33 ($109.42 in chips) 
Seat 3: amphii ($20.07 in chips) 
Seat 4: ygrasill ($7.30 in chips) 
Seat 5: Burlica2013 ($104.46 in chips) 
Seat 6: mironchikvld ($111 in chips) 
Burlica2013: posts small blind $0.50
mironchikvld: posts big blind $1
*** HOLE CARDS ***
4ikkiBamBoni: folds 
peak joker33: folds 
amphii: raises $1.30 to $2.30
ygrasill: folds 
Burlica2013: folds 
mironchikvld: folds 
Uncalled bet ($1.30) returned to amphii
amphii collected $2.50 from pot
amphii: doesn't show hand 
*** SUMMARY ***
Total pot $2.50 | Rake $0 
Seat 1: 4ikkiBamBoni folded before Flop (didn't bet)
Seat 2: peak joker33 folded before Flop (didn't bet)
Seat 3: amphii collected ($2.50)
Seat 4: ygrasill (button) folded before Flop (didn't bet)
Seat 5: Burlica2013 (small blind) folded before Flop
Seat 6: mironchikvld (big blind) folded before Flop



PokerStars Hand #254481000141:  Hold'em No Limit ($0.50/$1.00 USD) - 2025/01/21 7:18:01 WET [2025/01/21 2:18:01 ET]
Table 'Sahade III' 6-max Seat #5 is the button
Seat 1: 4ikkiBamBoni ($109.74 in chips) 
Seat 2: peak joker33 ($109.42 in chips) 
Seat 3: amphii ($21.57 in chips) 
Seat 4: ygrasill ($7.30 in chips) 
Seat 5: Burlica2013 ($103.96 in chips) 
Seat 6: mironchikvld ($110 in chips) 
mironchikvld: posts small blind $0.50
4ikkiBamBoni: posts big blind $1
*** HOLE CARDS ***
peak joker33: folds 
amphii: folds 
ygrasill: folds 
Burlica2013: raises $1.45 to $2.45
mironchikvld: folds 
4ikkiBamBoni: calls $1.45
*** FLOP *** [Qs Qh 5c]
4ikkiBamBoni: checks 
Burlica2013: bets $1.69
4ikkiBamBoni: folds 
Uncalled bet ($1.69) returned to Burlica2013
Burlica2013 collected $5.13 from pot
Burlica2013: doesn't show hand 
*** SUMMARY ***
Total pot $5.40 | Rake $0.27 
Board [Qs Qh 5c]
Seat 1: 4ikkiBamBoni (big blind) folded on the Flop
Seat 2: peak joker33 folded before Flop (didn't bet)
Seat 3: amphii folded before Flop (didn't bet)
Seat 4: ygrasill folded before Flop (didn't bet)
Seat 5: Burlica2013 (button) collected ($5.13)
Seat 6: mironchikvld (small blind) folded before Flop



PokerStars Hand #254481004173:  Hold'em No Limit ($0.50/$1.00 USD) - 2025/01/21 7:19:01 WET [2025/01/21 2:19:01 ET]
Table 'Sahade III' 6-max Seat #6 is the button
Seat 1: 4ikkiBamBoni ($107.29 in chips) 
Seat 2: peak joker33 ($109.42 in chips) 
Seat 3: amphii ($21.57 in chips) 
Seat 4: ygrasill ($7.30 in chips) 
Seat 5: Burlica2013 ($106.64 in chips) 
Seat 6: mironchikvld ($109.50 in chips) 
4ikkiBamBoni: posts small blind $0.50
peak joker33: posts big blind $1
*** HOLE CARDS ***
amphii: raises $1.30 to $2.30
ygrasill: folds 
Burlica2013: raises $5.19 to $7.49
mironchikvld: folds 
4ikkiBamBoni: folds 
peak joker33: folds 
amphii: folds 
Uncalled bet ($5.19) returned to Burlica2013
Burlica2013 collected $6.10 from pot
Burlica2013: doesn't show hand 
*** SUMMARY ***
Total pot $6.10 | Rake $0 
Seat 1: 4ikkiBamBoni (small blind) folded before Flop
Seat 2: peak joker33 (big blind) folded before Flop
Seat 3: amphii folded before Flop
Seat 4: ygrasill folded before Flop (didn't bet)
Seat 5: Burlica2013 collected ($6.10)
Seat 6: mironchikvld (button) folded before Flop (didn't bet)



PokerStars Hand #254481006264:  Hold'em No Limit ($0.50/$1.00 USD) - 2025/01/21 7:19:32 WET [2025/01/21 2:19:32 ET]
Table 'Sahade III' 6-max Seat #1 is the button
Seat 3: amphii ($20 in chips) is sitting out
Seat 1: 4ikkiBamBoni ($106.79 in chips) 
Seat 2: peak joker33 ($108.42 in chips) 
Seat 4: ygrasill ($7.30 in chips) 
Seat 5: Burlica2013 ($110.44 in chips) 
Seat 6: mironchikvld ($109.50 in chips) 
peak joker33: posts small blind $0.50
amphii: is sitting out 
ygrasill: posts big blind $1
*** HOLE CARDS ***
amphii leaves the table
Burlica2013: folds 
mironchikvld: folds 
4ikkiBamBoni: folds 
peak joker33: folds 
Uncalled bet ($0.50) returned to ygrasill
ygrasill collected $1 from pot
*** SUMMARY ***
Total pot $1 | Rake $0 
Seat 3: amphii
Seat 1: 4ikkiBamBoni (button) folded before Flop (didn't bet)
Seat 2: peak joker33 (small blind) folded before Flop
Seat 4: ygrasill (big blind) collected ($1)
Seat 5: Burlica2013 folded before Flop (didn't bet)
Seat 6: mironchikvld folded before Flop (didn't bet)



PokerStars Hand #254481007648:  Hold'em No Limit ($0.50/$1.00 USD) - 2025/01/21 7:19:53 WET [2025/01/21 2:19:53 ET]
Table 'Sahade III' 6-max Seat #2 is the button
Seat 1: 4ikkiBamBoni ($106.79 in chips) 
Seat 2: peak joker33 ($107.92 in chips) 
Seat 4: ygrasill ($7.80 in chips) 
Seat 5: Burlica2013 ($110.44 in chips) 
Seat 6: mironchikvld ($109.50 in chips) 
ygrasill: posts small blind $0.50
Burlica2013: posts big blind $1
*** HOLE CARDS ***
mironchikvld has timed out
mironchikvld: folds 
4ikkiBamBoni: folds 
peak joker33: raises $1 to $2
ygrasill: folds 
Burlica2013: folds 
Uncalled bet ($1) returned to peak joker33
peak joker33 collected $2.50 from pot
peak joker33: doesn't show hand 
*** SUMMARY ***
Total pot $2.50 | Rake $0 
Seat 1: 4ikkiBamBoni folded before Flop (didn't bet)
Seat 2: peak joker33 (button) collected ($2.50)
Seat 4: ygrasill (small blind) folded before Flop
Seat 5: Burlica2013 (big blind) folded before Flop
Seat 6: mironchikvld folded before Flop (didn't bet)



PokerStars Hand #254481009077:  Hold'em No Limit ($0.50/$1.00 USD) - 2025/01/21 7:20:14 WET [2025/01/21 2:20:14 ET]
Table 'Sahade III' 6-max Seat #4 is the button
Seat 6: mironchikvld ($109.50 in chips) is sitting out
Seat 1: 4ikkiBamBoni ($106.79 in chips) 
Seat 2: peak joker33 ($109.42 in chips) 
Seat 4: ygrasill ($7.30 in chips) 
Seat 5: Burlica2013 ($109.44 in chips) 
Burlica2013: posts small blind $0.50
4ikkiBamBoni: posts big blind $1
*** HOLE CARDS ***
peak joker33: folds 
peak joker33 leaves the table
ygrasill: raises $1 to $2
Burlica2013: folds 
4ikkiBamBoni: raises $6 to $8
ygrasill: calls $5.30 and is all-in
Uncalled bet ($0.70) returned to 4ikkiBamBoni
*** FLOP *** [7d Qc Kc]
*** TURN *** [7d Qc Kc] [5h]
*** RIVER *** [7d Qc Kc 5h] [Tc]
*** SHOW DOWN ***
4ikkiBamBoni: shows [Ah 7c] (a pair of Sevens)
ygrasill: shows [Ks Qs] (two pair, Kings and Queens)
ygrasill collected $14.34 from pot
*** SUMMARY ***
Total pot $15.10 | Rake $0.76 
Board [7d Qc Kc 5h Tc]
Seat 6: mironchikvld
Seat 1: 4ikkiBamBoni (big blind) showed [Ah 7c] and lost with a pair of Sevens
Seat 2: peak joker33 folded before Flop (didn't bet)
Seat 4: ygrasill (button) showed [Ks Qs] and won ($14.34) with two pair, Kings and Queens
Seat 5: Burlica2013 (small blind) folded before Flop



PokerStars Hand #254481011082:  Hold'em No Limit ($0.50/$1.00 USD) - 2025/01/21 7:20:45 WET [2025/01/21 2:20:45 ET]
Table 'Sahade III' 6-max Seat #5 is the button
Seat 6: mironchikvld ($109.50 in chips) is sitting out
Seat 1: 4ikkiBamBoni ($100 in chips) 
Seat 4: ygrasill ($14.34 in chips) 
Seat 5: Burlica2013 ($108.94 in chips) 
4ikkiBamBoni: posts small blind $0.50
ygrasill: posts big blind $1
*** HOLE CARDS ***
Burlica2013: folds 
4ikkiBamBoni: calls $0.50
ygrasill: checks 
*** FLOP *** [Ah 8s 5s]
4ikkiBamBoni: bets $1.43
ygrasill: calls $1.43
*** TURN *** [Ah 8s 5s] [3c]
4ikkiBamBoni: bets $1.89
ygrasill: calls $1.89
*** RIVER *** [Ah 8s 5s 3c] [2d]
4ikkiBamBoni: checks 
ygrasill: checks 
*** SHOW DOWN ***
4ikkiBamBoni: shows [4s Qs] (a straight, Ace to Five)
ygrasill: mucks hand 
4ikkiBamBoni collected $8.21 from pot
*** SUMMARY ***
Total pot $8.64 | Rake $0.43 
Board [Ah 8s 5s 3c 2d]
Seat 6: mironchikvld
Seat 1: 4ikkiBamBoni (small blind) showed [4s Qs] and won ($8.21) with a straight, Ace to Five
Seat 4: ygrasill (big blind) mucked
Seat 5: Burlica2013 (button) folded before Flop (didn't bet)



PokerStars Hand #254481013836:  Hold'em No Limit ($0.50/$1.00 USD) - 2025/01/21 7:21:26 WET [2025/01/21 2:21:26 ET]
Table 'Sahade III' 6-max Seat #1 is the button
Seat 6: mironchikvld ($109.50 in chips) is sitting out
Seat 1: 4ikkiBamBoni ($103.89 in chips) 
Seat 4: ygrasill ($10.02 in chips) 
Seat 5: Burlica2013 ($108.94 in chips) 
ygrasill: posts small blind $0.50
Burlica2013: posts big blind $1
mironchikvld: sits out 
*** HOLE CARDS ***
4ikkiBamBoni: folds 
ygrasill: folds 
Uncalled bet ($0.50) returned to Burlica2013
Burlica2013 collected $1 from pot
Burlica2013: doesn't show hand 
*** SUMMARY ***
Total pot $1 | Rake $0 
Seat 6: mironchikvld
Seat 1: 4ikkiBamBoni (button) folded before Flop (didn't bet)
Seat 4: ygrasill (small blind) folded before Flop
Seat 5: Burlica2013 (big blind) collected ($1)



PokerStars Hand #254481014389:  Hold'em No Limit ($0.50/$1.00 USD) - 2025/01/21 7:21:34 WET [2025/01/21 2:21:34 ET]
Table 'Sahade III' 6-max Seat #4 is the button
Seat 1: 4ikkiBamBoni ($103.89 in chips) 
Seat 4: ygrasill ($9.52 in chips) 
Seat 5: Burlica2013 ($109.44 in chips) 
Seat 6: mironchikvld ($109.50 in chips) 
Burlica2013: posts small blind $0.50
mironchikvld: posts big blind $1
*** HOLE CARDS ***
4ikkiBamBoni: folds 
ygrasill: folds 
Burlica2013: raises $2 to $3
mironchikvld: raises $8 to $11
Burlica2013: raises $13.64 to $24.64
ygrasill is disconnected 
mironchikvld: folds 
Uncalled bet ($13.64) returned to Burlica2013
Burlica2013 collected $22 from pot
Burlica2013: doesn't show hand 
*** SUMMARY ***
Total pot $22 | Rake $0 
Seat 1: 4ikkiBamBoni folded before Flop (didn't bet)
Seat 4: ygrasill (button) folded before Flop (didn't bet)
Seat 5: Burlica2013 (small blind) collected ($22)
Seat 6: mironchikvld (big blind) folded before Flop



PokerStars Hand #254481017468:  Hold'em No Limit ($0.50/$1.00 USD) - 2025/01/21 7:22:22 WET [2025/01/21 2:22:22 ET]
Table 'Sahade III' 6-max Seat #5 is the button
Seat 1: 4ikkiBamBoni ($103.89 in chips) 
Seat 4: ygrasill ($9.52 in chips) 
Seat 5: Burlica2013 ($120.44 in chips) 
Seat 6: mironchikvld ($100 in chips) 
mironchikvld: posts small blind $0.50
4ikkiBamBoni: posts big blind $1
*** HOLE CARDS ***
ygrasill has timed out while disconnected
ygrasill: folds 
Burlica2013: folds 
mironchikvld: folds 
Uncalled bet ($0.50) returned to 4ikkiBamBoni
4ikkiBamBoni collected $1 from pot
4ikkiBamBoni: doesn't show hand 
*** SUMMARY ***
Total pot $1 | Rake $0 
Seat 1: 4ikkiBamBoni (big blind) collected ($1)
Seat 4: ygrasill folded before Flop (didn't bet)
Seat 5: Burlica2013 (button) folded before Flop (didn't bet)
Seat 6: mironchikvld (small blind) folded before Flop



PokerStars Hand #254481019982:  Hold'em No Limit ($0.50/$1.00 USD) - 2025/01/21 7:23:01 WET [2025/01/21 2:23:01 ET]
Table 'Sahade III' 6-max Seat #1 is the button
Seat 4: ygrasill ($9.52 in chips) is sitting out
Seat 1: 4ikkiBamBoni ($108.39 in chips) 
Seat 5: Burlica2013 ($119.44 in chips) 
Seat 6: mironchikvld ($100 in chips) 
Burlica2013: posts small blind $0.50
mironchikvld: posts big blind $1
*** HOLE CARDS ***
4ikkiBamBoni: folds 
Burlica2013: folds 
Uncalled bet ($0.50) returned to mironchikvld
mironchikvld collected $1 from pot
mironchikvld: doesn't show hand 
*** SUMMARY ***
Total pot $1 | Rake $0 
Seat 4: ygrasill
Seat 1: 4ikkiBamBoni (button) folded before Flop (didn't bet)
Seat 5: Burlica2013 (small blind) folded before Flop
Seat 6: mironchikvld (big blind) collected ($1)



PokerStars Hand #254481020477:  Hold'em No Limit ($0.50/$1.00 USD) - 2025/01/21 7:23:08 WET [2025/01/21 2:23:08 ET]
Table 'Sahade III' 6-max Seat #5 is the button
Seat 1: 4ikkiBamBoni ($108.39 in chips) 
Seat 4: ygrasill ($9.52 in chips) 
Seat 5: Burlica2013 ($118.94 in chips) 
Seat 6: mironchikvld ($100.50 in chips) 
mironchikvld: posts small blind $0.50
4ikkiBamBoni: posts big blind $1
ygrasill: posts small & big blinds $1.50
*** HOLE CARDS ***
ygrasill: checks 
Burlica2013: raises $1.45 to $2.45
mironchikvld: folds 
4ikkiBamBoni: folds 
ygrasill: folds 
Uncalled bet ($1.45) returned to Burlica2013
Burlica2013 collected $4 from pot
Burlica2013: doesn't show hand 
*** SUMMARY ***
Total pot $4 | Rake $0 
Seat 1: 4ikkiBamBoni (big blind) folded before Flop
Seat 4: ygrasill folded before Flop (didn't bet)
Seat 5: Burlica2013 (button) collected ($4)
Seat 6: mironchikvld (small blind) folded before Flop



PokerStars Hand #254481022673:  Hold'em No Limit ($0.50/$1.00 USD) - 2025/01/21 7:23:42 WET [2025/01/21 2:23:42 ET]
Table 'Sahade III' 6-max Seat #6 is the button
Seat 1: 4ikkiBamBoni ($107.39 in chips) 
Seat 4: ygrasill ($8.02 in chips) 
Seat 5: Burlica2013 ($121.94 in chips) 
Seat 6: mironchikvld ($100 in chips) 
4ikkiBamBoni: posts small blind $0.50
ygrasill: posts big blind $1
*** HOLE CARDS ***
Burlica2013: folds 
blistein joins the table at seat #3 
Ship4545 joins the table at seat #2 
Ship4545 is disconnected 
mironchikvld: folds 
4ikkiBamBoni: folds 
Uncalled bet ($0.50) returned to ygrasill
ygrasill collected $1 from pot
*** SUMMARY ***
Total pot $1 | Rake $0 
Seat 1: 4ikkiBamBoni (small blind) folded before Flop
Seat 4: ygrasill (big blind) collected ($1)
Seat 5: Burlica2013 folded before Flop (didn't bet)
Seat 6: mironchikvld (button) folded before Flop (didn't bet)



PokerStars Hand #254481023766:  Hold'em No Limit ($0.50/$1.00 USD) - 2025/01/21 7:23:59 WET [2025/01/21 2:23:59 ET]
Table 'Sahade III' 6-max Seat #1 is the button
Seat 2: Ship4545 ($24.87 in chips) is sitting out
Seat 3: blistein ($100 in chips) is sitting out
Seat 1: 4ikkiBamBoni ($106.89 in chips) 
Seat 4: ygrasill ($8.52 in chips) 
Seat 5: Burlica2013 ($121.94 in chips) 
Seat 6: mironchikvld ($100 in chips) 
ygrasill: posts small blind $0.50
Burlica2013: posts big blind $1
*** HOLE CARDS ***
mironchikvld: folds 
4ikkiBamBoni: folds 
ygrasill: folds 
Uncalled bet ($0.50) returned to Burlica2013
Burlica2013 collected $1 from pot
Burlica2013: doesn't show hand 
*** SUMMARY ***
Total pot $1 | Rake $0 
Seat 2: Ship4545
Seat 3: blistein
Seat 1: 4ikkiBamBoni (button) folded before Flop (didn't bet)
Seat 4: ygrasill (small blind) folded before Flop
Seat 5: Burlica2013 (big blind) collected ($1)
Seat 6: mironchikvld folded before Flop (didn't bet)



PokerStars Hand #254481024446:  Hold'em No Limit ($0.50/$1.00 USD) - 2025/01/21 7:24:10 WET [2025/01/21 2:24:10 ET]
Table 'Sahade III' 6-max Seat #4 is the button
Seat 2: Ship4545 ($24.87 in chips) is sitting out
Seat 3: blistein ($100 in chips) is sitting out
Seat 1: 4ikkiBamBoni ($106.89 in chips) 
Seat 4: ygrasill ($8.02 in chips) 
Seat 5: Burlica2013 ($122.44 in chips) 
Seat 6: mironchikvld ($100 in chips) 
Burlica2013: posts small blind $0.50
mironchikvld: posts big blind $1
Ship4545: sits out 
blistein: sits out 
*** HOLE CARDS ***
4ikkiBamBoni: folds 
ygrasill: raises $7.02 to $8.02 and is all-in
Burlica2013: raises $7.02 to $15.04
mironchikvld: folds 
Uncalled bet ($7.02) returned to Burlica2013
*** FLOP *** [Jh 5s 5d]
*** TURN *** [Jh 5s 5d] [Th]
*** RIVER *** [Jh 5s 5d Th] [7d]
*** SHOW DOWN ***
Burlica2013: shows [Kd Ac] (a pair of Fives)
ygrasill: shows [8c 8s] (two pair, Eights and Fives)
ygrasill collected $16.19 from pot
*** SUMMARY ***
Total pot $17.04 | Rake $0.85 
Board [Jh 5s 5d Th 7d]
Seat 2: Ship4545
Seat 3: blistein
Seat 1: 4ikkiBamBoni folded before Flop (didn't bet)
Seat 4: ygrasill (button) showed [8c 8s] and won ($16.19) with two pair, Eights and Fives
Seat 5: Burlica2013 (small blind) showed [Kd Ac] and lost with a pair of Fives
Seat 6: mironchikvld (big blind) folded before Flop



PokerStars Hand #254481026765:  Hold'em No Limit ($0.50/$1.00 USD) - 2025/01/21 7:24:46 WET [2025/01/21 2:24:46 ET]
Table 'Sahade III' 6-max Seat #5 is the button
Seat 2: Ship4545 ($24.87 in chips) is sitting out
Seat 3: blistein ($100 in chips) is sitting out
Seat 1: 4ikkiBamBoni ($106.89 in chips) 
Seat 4: ygrasill ($16.19 in chips) 
Seat 5: Burlica2013 ($114.42 in chips) 
Seat 6: mironchikvld ($100 in chips) 
mironchikvld: posts small blind $0.50
4ikkiBamBoni: posts big blind $1
Ship4545: sits out 
blistein: sits out 
*** HOLE CARDS ***
ygrasill: folds 
Burlica2013: folds 
mironchikvld: raises $2 to $3
4ikkiBamBoni: folds 
Uncalled bet ($2) returned to mironchikvld
mironchikvld collected $2 from pot
mironchikvld: doesn't show hand 
*** SUMMARY ***
Total pot $2 | Rake $0 
Seat 2: Ship4545
Seat 3: blistein
Seat 1: 4ikkiBamBoni (big blind) folded before Flop
Seat 4: ygrasill folded before Flop (didn't bet)
Seat 5: Burlica2013 (button) folded before Flop (didn't bet)
Seat 6: mironchikvld (small blind) collected ($2)



PokerStars Hand #254481027605:  Hold'em No Limit ($0.50/$1.00 USD) - 2025/01/21 7:25:00 WET [2025/01/21 2:25:00 ET]
Table 'Sahade III' 6-max Seat #6 is the button
Seat 3: blistein ($100 in chips) is sitting out
Seat 1: 4ikkiBamBoni ($105.89 in chips) 
Seat 2: Ship4545 ($24.87 in chips) 
Seat 4: ygrasill ($16.19 in chips) 
Seat 5: Burlica2013 ($114.42 in chips) 
Seat 6: mironchikvld ($101 in chips) 
4ikkiBamBoni: posts small blind $0.50
Ship4545: posts big blind $1
blistein: sits out 
*** HOLE CARDS ***
ygrasill: raises $15.19 to $16.19 and is all-in
Burlica2013: folds 
mironchikvld: folds 
4ikkiBamBoni: folds 
Ship4545: folds 
Uncalled bet ($15.19) returned to ygrasill
ygrasill collected $2.50 from pot
*** SUMMARY ***
Total pot $2.50 | Rake $0 
Seat 3: blistein
Seat 1: 4ikkiBamBoni (small blind) folded before Flop
Seat 2: Ship4545 (big blind) folded before Flop
Seat 4: ygrasill collected ($2.50)
Seat 5: Burlica2013 folded before Flop (didn't bet)
Seat 6: mironchikvld (button) folded before Flop (didn't bet)



PokerStars Hand #254481028505:  Hold'em No Limit ($0.50/$1.00 USD) - 2025/01/21 7:25:15 WET [2025/01/21 2:25:15 ET]
Table 'Sahade III' 6-max Seat #1 is the button
Seat 1: 4ikkiBamBoni ($105.39 in chips) 
Seat 2: Ship4545 ($23.87 in chips) 
Seat 3: blistein ($100 in chips) 
Seat 4: ygrasill ($17.69 in chips) 
Seat 5: Burlica2013 ($114.42 in chips) 
Seat 6: mironchikvld ($101 in chips) 
Ship4545: posts small blind $0.50
blistein: posts big blind $1
*** HOLE CARDS ***
ygrasill: folds 
Burlica2013: folds 
mironchikvld: folds 
4ikkiBamBoni: raises $1.20 to $2.20
Ship4545: folds 
blistein: folds 
Uncalled bet ($1.20) returned to 4ikkiBamBoni
4ikkiBamBoni collected $2.50 from pot
4ikkiBamBoni: doesn't show hand 
*** SUMMARY ***
Total pot $2.50 | Rake $0 
Seat 1: 4ikkiBamBoni (button) collected ($2.50)
Seat 2: Ship4545 (small blind) folded before Flop
Seat 3: blistein (big blind) folded before Flop
Seat 4: ygrasill folded before Flop (didn't bet)
Seat 5: Burlica2013 folded before Flop (didn't bet)
Seat 6: mironchikvld folded before Flop (didn't bet)



PokerStars Hand #254481029625:  Hold'em No Limit ($0.50/$1.00 USD) - 2025/01/21 7:25:32 WET [2025/01/21 2:25:32 ET]
Table 'Sahade III' 6-max Seat #2 is the button
Seat 1: 4ikkiBamBoni ($106.89 in chips) 
Seat 2: Ship4545 ($23.37 in chips) 
Seat 3: blistein ($100 in chips) 
Seat 4: ygrasill ($17.69 in chips) 
Seat 5: Burlica2013 ($114.42 in chips) 
Seat 6: mironchikvld ($101 in chips) 
blistein: posts small blind $0.50
ygrasill: posts big blind $1
*** HOLE CARDS ***
Burlica2013: folds 
mironchikvld: folds 
4ikkiBamBoni: folds 
Ship4545: folds 
blistein: folds 
Uncalled bet ($0.50) returned to ygrasill
ygrasill collected $1 from pot
*** SUMMARY ***
Total pot $1 | Rake $0 
Seat 1: 4ikkiBamBoni folded before Flop (didn't bet)
Seat 2: Ship4545 (button) folded before Flop (didn't bet)
Seat 3: blistein (small blind) folded before Flop
Seat 4: ygrasill (big blind) collected ($1)
Seat 5: Burlica2013 folded before Flop (didn't bet)
Seat 6: mironchikvld folded before Flop (didn't bet)



PokerStars Hand #254481030312:  Hold'em No Limit ($0.50/$1.00 USD) - 2025/01/21 7:25:43 WET [2025/01/21 2:25:43 ET]
Table 'Sahade III' 6-max Seat #3 is the button
Seat 1: 4ikkiBamBoni ($106.89 in chips) 
Seat 2: Ship4545 ($23.37 in chips) 
Seat 3: blistein ($100 in chips) 
Seat 4: ygrasill ($18.19 in chips) 
Seat 5: Burlica2013 ($114.42 in chips) 
Seat 6: mironchikvld ($101 in chips) 
ygrasill: posts small blind $0.50
Burlica2013: posts big blind $1
*** HOLE CARDS ***
mironchikvld: folds 
4ikkiBamBoni: folds 
Ship4545: folds 
blistein: folds 
ygrasill: calls $0.50
Burlica2013: raises $2 to $3
ygrasill: folds 
Uncalled bet ($2) returned to Burlica2013
Burlica2013 collected $2 from pot
Burlica2013: doesn't show hand 
*** SUMMARY ***
Total pot $2 | Rake $0 
Seat 1: 4ikkiBamBoni folded before Flop (didn't bet)
Seat 2: Ship4545 folded before Flop (didn't bet)
Seat 3: blistein (button) folded before Flop (didn't bet)
Seat 4: ygrasill (small blind) folded before Flop
Seat 5: Burlica2013 (big blind) collected ($2)
Seat 6: mironchikvld folded before Flop (didn't bet)



PokerStars Hand #254481032099:  Hold'em No Limit ($0.50/$1.00 USD) - 2025/01/21 7:26:10 WET [2025/01/21 2:26:10 ET]
Table 'Sahade III' 6-max Seat #4 is the button
Seat 1: 4ikkiBamBoni ($106.89 in chips) 
Seat 2: Ship4545 ($23.37 in chips) 
Seat 3: blistein ($100 in chips) 
Seat 4: ygrasill ($17.19 in chips) 
Seat 5: Burlica2013 ($115.42 in chips) 
Seat 6: mironchikvld ($101 in chips) 
Burlica2013: posts small blind $0.50
mironchikvld: posts big blind $1
*** HOLE CARDS ***
4ikkiBamBoni: folds 
Ship4545: folds 
blistein: folds 
ygrasill: folds 
Burlica2013: folds 
Uncalled bet ($0.50) returned to mironchikvld
mironchikvld collected $1 from pot
mironchikvld: doesn't show hand 
*** SUMMARY ***
Total pot $1 | Rake $0 
Seat 1: 4ikkiBamBoni folded before Flop (didn't bet)
Seat 2: Ship4545 folded before Flop (didn't bet)
Seat 3: blistein folded before Flop (didn't bet)
Seat 4: ygrasill (button) folded before Flop (didn't bet)
Seat 5: Burlica2013 (small blind) folded before Flop
Seat 6: mironchikvld (big blind) collected ($1)



PokerStars Hand #254481033045:  Hold'em No Limit ($0.50/$1.00 USD) - 2025/01/21 7:26:25 WET [2025/01/21 2:26:25 ET]
Table 'Sahade III' 6-max Seat #5 is the button
Seat 1: 4ikkiBamBoni ($106.89 in chips) 
Seat 2: Ship4545 ($23.37 in chips) 
Seat 3: blistein ($100 in chips) 
Seat 4: ygrasill ($17.19 in chips) 
Seat 5: Burlica2013 ($114.92 in chips) 
Seat 6: mironchikvld ($101.50 in chips) 
mironchikvld: posts small blind $0.50
4ikkiBamBoni: posts big blind $1
*** HOLE CARDS ***
Ship4545: calls $1
blistein: folds 
ygrasill: calls $1
Burlica2013: calls $1
mironchikvld: folds 
4ikkiBamBoni: checks 
*** FLOP *** [Qs 2c Qh]
4ikkiBamBoni: checks 
Ship4545: bets $2.14
ygrasill: folds 
Burlica2013: folds 
4ikkiBamBoni: folds 
Uncalled bet ($2.14) returned to Ship4545
Ship4545 collected $4.28 from pot
*** SUMMARY ***
Total pot $4.50 | Rake $0.22 
Board [Qs 2c Qh]
Seat 1: 4ikkiBamBoni (big blind) folded on the Flop
Seat 2: Ship4545 collected ($4.28)
Seat 3: blistein folded before Flop (didn't bet)
Seat 4: ygrasill folded on the Flop
Seat 5: Burlica2013 (button) folded on the Flop
Seat 6: mironchikvld (small blind) folded before Flop



PokerStars Hand #254481035833:  Hold'em No Limit ($0.50/$1.00 USD) - 2025/01/21 7:27:08 WET [2025/01/21 2:27:08 ET]
Table 'Sahade III' 6-max Seat #6 is the button
Seat 1: 4ikkiBamBoni ($105.89 in chips) 
Seat 2: Ship4545 ($26.65 in chips) 
Seat 3: blistein ($100 in chips) 
Seat 4: ygrasill ($16.19 in chips) 
Seat 5: Burlica2013 ($113.92 in chips) 
Seat 6: mironchikvld ($101 in chips) 
4ikkiBamBoni: posts small blind $0.50
Ship4545: posts big blind $1
*** HOLE CARDS ***
blistein: folds 
ygrasill: calls $1
Burlica2013: folds 
mironchikvld: folds 
4ikkiBamBoni: folds 
Ship4545: raises $2 to $3
ygrasill: folds 
Uncalled bet ($2) returned to Ship4545
Ship4545 collected $2.50 from pot
*** SUMMARY ***
Total pot $2.50 | Rake $0 
Seat 1: 4ikkiBamBoni (small blind) folded before Flop
Seat 2: Ship4545 (big blind) collected ($2.50)
Seat 3: blistein folded before Flop (didn't bet)
Seat 4: ygrasill folded before Flop
Seat 5: Burlica2013 folded before Flop (didn't bet)
Seat 6: mironchikvld (button) folded before Flop (didn't bet)



PokerStars Hand #254481037420:  Hold'em No Limit ($0.50/$1.00 USD) - 2025/01/21 7:27:32 WET [2025/01/21 2:27:32 ET]
Table 'Sahade III' 6-max Seat #1 is the button
Seat 1: 4ikkiBamBoni ($105.39 in chips) 
Seat 2: Ship4545 ($28.15 in chips) 
Seat 3: blistein ($100 in chips) 
Seat 4: ygrasill ($15.19 in chips) 
Seat 5: Burlica2013 ($113.92 in chips) 
Seat 6: mironchikvld ($101 in chips) 
Ship4545: posts small blind $0.50
blistein: posts big blind $1
*** HOLE CARDS ***
ygrasill: raises $1 to $2
Burlica2013: folds 
mironchikvld: folds 
4ikkiBamBoni: folds 
Ship4545: raises $1 to $3
blistein: folds 
ygrasill: calls $1
*** FLOP *** [Tc 2h 5s]
Ship4545: bets $3.33
ygrasill: folds 
Uncalled bet ($3.33) returned to Ship4545
Ship4545 collected $6.65 from pot
Ship4545: doesn't show hand 
*** SUMMARY ***
Total pot $7 | Rake $0.35 
Board [Tc 2h 5s]
Seat 1: 4ikkiBamBoni (button) folded before Flop (didn't bet)
Seat 2: Ship4545 (small blind) collected ($6.65)
Seat 3: blistein (big blind) folded before Flop
Seat 4: ygrasill folded on the Flop
Seat 5: Burlica2013 folded before Flop (didn't bet)
Seat 6: mironchikvld folded before Flop (didn't bet)



PokerStars Hand #254481039418:  Hold'em No Limit ($0.50/$1.00 USD) - 2025/01/21 7:28:02 WET [2025/01/21 2:28:02 ET]
Table 'Sahade III' 6-max Seat #2 is the button
Seat 1: 4ikkiBamBoni ($105.39 in chips) 
Seat 2: Ship4545 ($31.80 in chips) 
Seat 3: blistein ($100 in chips) 
Seat 4: ygrasill ($12.19 in chips) 
Seat 5: Burlica2013 ($113.92 in chips) 
Seat 6: mironchikvld ($101 in chips) 
blistein: posts small blind $0.50
ygrasill: posts big blind $1
*** HOLE CARDS ***
Burlica2013: folds 
mironchikvld: folds 
4ikkiBamBoni: raises $1.45 to $2.45
Ship4545: folds 
blistein: folds 
ygrasill: calls $1.45
*** FLOP *** [2c 9s Qh]
ygrasill: bets $2
4ikkiBamBoni: folds 
Uncalled bet ($2) returned to ygrasill
ygrasill collected $5.13 from pot
*** SUMMARY ***
Total pot $5.40 | Rake $0.27 
Board [2c 9s Qh]
Seat 1: 4ikkiBamBoni folded on the Flop
Seat 2: Ship4545 (button) folded before Flop (didn't bet)
Seat 3: blistein (small blind) folded before Flop
Seat 4: ygrasill (big blind) collected ($5.13)
Seat 5: Burlica2013 folded before Flop (didn't bet)
Seat 6: mironchikvld folded before Flop (didn't bet)



PokerStars Hand #254481040696:  Hold'em No Limit ($0.50/$1.00 USD) - 2025/01/21 7:28:22 WET [2025/01/21 2:28:22 ET]
Table 'Sahade III' 6-max Seat #3 is the button
Seat 1: 4ikkiBamBoni ($102.94 in chips) 
Seat 2: Ship4545 ($31.80 in chips) 
Seat 3: blistein ($100 in chips) 
Seat 4: ygrasill ($14.87 in chips) 
Seat 5: Burlica2013 ($113.92 in chips) 
Seat 6: mironchikvld ($101 in chips) 
ygrasill: posts small blind $0.50
Burlica2013: posts big blind $1
*** HOLE CARDS ***
mironchikvld: folds 
4ikkiBamBoni: raises $1.55 to $2.55
Ship4545: calls $2.55
blistein: raises $7.45 to $10
ygrasill: folds 
Burlica2013: folds 
4ikkiBamBoni: folds 
Ship4545: calls $7.45
*** FLOP *** [4c 5h 2d]
Ship4545: checks 
blistein: bets $22.85
Ship4545: calls $21.80 and is all-in
Uncalled bet ($1.05) returned to blistein
*** TURN *** [4c 5h 2d] [Jh]
*** RIVER *** [4c 5h 2d Jh] [6h]
*** SHOW DOWN ***
Ship4545: shows [8d 7d] (a straight, Four to Eight)
blistein: shows [Qd Kc] (high card King)
Ship4545 collected $65.15 from pot
*** SUMMARY ***
Total pot $67.65 | Rake $2.50 
Board [4c 5h 2d Jh 6h]
Seat 1: 4ikkiBamBoni folded before Flop
Seat 2: Ship4545 showed [8d 7d] and won ($65.15) with a straight, Four to Eight
Seat 3: blistein (button) showed [Qd Kc] and lost with high card King
Seat 4: ygrasill (small blind) folded before Flop
Seat 5: Burlica2013 (big blind) folded before Flop
Seat 6: mironchikvld folded before Flop (didn't bet)



PokerStars Hand #254481045139:  Hold'em No Limit ($0.50/$1.00 USD) - 2025/01/21 7:29:29 WET [2025/01/21 2:29:29 ET]
Table 'Sahade III' 6-max Seat #4 is the button
Seat 1: 4ikkiBamBoni ($100.39 in chips) 
Seat 2: Ship4545 ($65.15 in chips) 
Seat 3: blistein ($100 in chips) 
Seat 4: ygrasill ($14.37 in chips) 
Seat 5: Burlica2013 ($112.92 in chips) 
Seat 6: mironchikvld ($101 in chips) 
Burlica2013: posts small blind $0.50
mironchikvld: posts big blind $1
*** HOLE CARDS ***
4ikkiBamBoni: raises $1.55 to $2.55
Ship4545: folds 
blistein: folds 
ygrasill: folds 
Burlica2013: folds 
mironchikvld: folds 
Uncalled bet ($1.55) returned to 4ikkiBamBoni
4ikkiBamBoni collected $2.50 from pot
4ikkiBamBoni: doesn't show hand 
*** SUMMARY ***
Total pot $2.50 | Rake $0 
Seat 1: 4ikkiBamBoni collected ($2.50)
Seat 2: Ship4545 folded before Flop (didn't bet)
Seat 3: blistein folded before Flop (didn't bet)
Seat 4: ygrasill (button) folded before Flop (didn't bet)
Seat 5: Burlica2013 (small blind) folded before Flop
Seat 6: mironchikvld (big blind) folded before Flop



PokerStars Hand #254481047377:  Hold'em No Limit ($0.50/$1.00 USD) - 2025/01/21 7:30:02 WET [2025/01/21 2:30:02 ET]
Table 'Sahade III' 6-max Seat #5 is the button
Seat 1: 4ikkiBamBoni ($101.89 in chips) 
Seat 2: Ship4545 ($65.15 in chips) 
Seat 3: blistein ($100 in chips) 
Seat 4: ygrasill ($14.37 in chips) 
Seat 5: Burlica2013 ($112.42 in chips) 
Seat 6: mironchikvld ($100 in chips) 
mironchikvld: posts small blind $0.50
4ikkiBamBoni: posts big blind $1
*** HOLE CARDS ***
Ship4545: folds 
blistein: folds 
ygrasill: folds 
Burlica2013: folds 
mironchikvld: raises $2 to $3
4ikkiBamBoni: folds 
Uncalled bet ($2) returned to mironchikvld
mironchikvld collected $2 from pot
mironchikvld: doesn't show hand 
*** SUMMARY ***
Total pot $2 | Rake $0 
Seat 1: 4ikkiBamBoni (big blind) folded before Flop
Seat 2: Ship4545 folded before Flop (didn't bet)
Seat 3: blistein folded before Flop (didn't bet)
Seat 4: ygrasill folded before Flop (didn't bet)
Seat 5: Burlica2013 (button) folded before Flop (didn't bet)
Seat 6: mironchikvld (small blind) collected ($2)



PokerStars Hand #254481049776:  Hold'em No Limit ($0.50/$1.00 USD) - 2025/01/21 7:30:39 WET [2025/01/21 2:30:39 ET]
Table 'Sahade III' 6-max Seat #6 is the button
Seat 1: 4ikkiBamBoni ($100.89 in chips) 
Seat 2: Ship4545 ($65.15 in chips) 
Seat 3: blistein ($100 in chips) 
Seat 4: ygrasill ($14.37 in chips) 
Seat 5: Burlica2013 ($112.42 in chips) 
Seat 6: mironchikvld ($101 in chips) 
4ikkiBamBoni: posts small blind $0.50
Ship4545: posts big blind $1
*** HOLE CARDS ***
blistein: folds 
ygrasill: folds 
Burlica2013: raises $1.25 to $2.25
mironchikvld: folds 
4ikkiBamBoni: folds 
Ship4545: folds 
Uncalled bet ($1.25) returned to Burlica2013
Burlica2013 collected $2.50 from pot
Burlica2013: doesn't show hand 
*** SUMMARY ***
Total pot $2.50 | Rake $0 
Seat 1: 4ikkiBamBoni (small blind) folded before Flop
Seat 2: Ship4545 (big blind) folded before Flop
Seat 3: blistein folded before Flop (didn't bet)
Seat 4: ygrasill folded before Flop (didn't bet)
Seat 5: Burlica2013 collected ($2.50)
Seat 6: mironchikvld (button) folded before Flop (didn't bet)



PokerStars Hand #254481052013:  Hold'em No Limit ($0.50/$1.00 USD) - 2025/01/21 7:31:13 WET [2025/01/21 2:31:13 ET]
Table 'Sahade III' 6-max Seat #1 is the button
Seat 1: 4ikkiBamBoni ($100.39 in chips) 
Seat 2: Ship4545 ($64.15 in chips) 
Seat 3: blistein ($100 in chips) 
Seat 4: ygrasill ($14.37 in chips) 
Seat 5: Burlica2013 ($113.92 in chips) 
Seat 6: mironchikvld ($101 in chips) 
Ship4545: posts small blind $0.50
blistein: posts big blind $1
*** HOLE CARDS ***
ygrasill: folds 
Burlica2013: folds 
mironchikvld: folds 
4ikkiBamBoni has timed out
4ikkiBamBoni: folds 
Ship4545: calls $0.50
blistein: raises $2.50 to $3.50
Ship4545: calls $2.50
*** FLOP *** [6h 9s Qs]
Ship4545: checks 
blistein: bets $2.26
Ship4545: calls $2.26
*** TURN *** [6h 9s Qs] [Ah]
Ship4545: checks 
blistein: checks 
*** RIVER *** [6h 9s Qs Ah] [3c]
Ship4545: checks 
blistein: bets $8.21
Ship4545: folds 
Uncalled bet ($8.21) returned to blistein
blistein collected $10.94 from pot
blistein: doesn't show hand 
*** SUMMARY ***
Total pot $11.52 | Rake $0.58 
Board [6h 9s Qs Ah 3c]
Seat 1: 4ikkiBamBoni (button) folded before Flop (didn't bet)
Seat 2: Ship4545 (small blind) folded on the River
Seat 3: blistein (big blind) collected ($10.94)
Seat 4: ygrasill folded before Flop (didn't bet)
Seat 5: Burlica2013 folded before Flop (didn't bet)
Seat 6: mironchikvld folded before Flop (didn't bet)



PokerStars Hand #254481056958:  Hold'em No Limit ($0.50/$1.00 USD) - 2025/01/21 7:32:28 WET [2025/01/21 2:32:28 ET]
Table 'Sahade III' 6-max Seat #2 is the button
Seat 1: 4ikkiBamBoni ($100.39 in chips) 
Seat 2: Ship4545 ($58.39 in chips) 
Seat 3: blistein ($105.18 in chips) 
Seat 4: ygrasill ($14.37 in chips) 
Seat 5: Burlica2013 ($113.92 in chips) 
Seat 6: mironchikvld ($101 in chips) 
blistein: posts small blind $0.50
ygrasill: posts big blind $1
*** HOLE CARDS ***
Burlica2013: folds 
mironchikvld: raises $2 to $3
4ikkiBamBoni: folds 
Ship4545: calls $3
blistein: folds 
ygrasill: folds 
*** FLOP *** [4d Qs Ac]
mironchikvld: bets $2.35
Ship4545: calls $2.35
*** TURN *** [4d Qs Ac] [Ts]
mironchikvld: checks 
Ship4545: bets $7.80
mironchikvld: folds 
Uncalled bet ($7.80) returned to Ship4545
Ship4545 collected $11.59 from pot
Ship4545: doesn't show hand 
*** SUMMARY ***
Total pot $12.20 | Rake $0.61 
Board [4d Qs Ac Ts]
Seat 1: 4ikkiBamBoni folded before Flop (didn't bet)
Seat 2: Ship4545 (button) collected ($11.59)
Seat 3: blistein (small blind) folded before Flop
Seat 4: ygrasill (big blind) folded before Flop
Seat 5: Burlica2013 folded before Flop (didn't bet)
Seat 6: mironchikvld folded on the Turn



PokerStars Hand #254481063162:  Hold'em No Limit ($0.50/$1.00 USD) - 2025/01/21 7:34:01 WET [2025/01/21 2:34:01 ET]
Table 'Sahade III' 6-max Seat #3 is the button
Seat 1: 4ikkiBamBoni ($100.39 in chips) 
Seat 2: Ship4545 ($64.63 in chips) 
Seat 3: blistein ($104.68 in chips) 
Seat 4: ygrasill ($13.37 in chips) 
Seat 5: Burlica2013 ($113.92 in chips) 
Seat 6: mironchikvld ($100 in chips) 
ygrasill: posts small blind $0.50
Burlica2013: posts big blind $1
*** HOLE CARDS ***
mironchikvld: folds 
4ikkiBamBoni: folds 
Ship4545: folds 
Ship4545 leaves the table
blistein: raises $1.50 to $2.50
ygrasill: folds 
Burlica2013: raises $9.50 to $12
3EBC96 joins the table at seat #2 
blistein: folds 
Uncalled bet ($9.50) returned to Burlica2013
Burlica2013 collected $5.50 from pot
Burlica2013: doesn't show hand 
*** SUMMARY ***
Total pot $5.50 | Rake $0 
Seat 1: 4ikkiBamBoni folded before Flop (didn't bet)
Seat 2: Ship4545 folded before Flop (didn't bet)
Seat 3: blistein (button) folded before Flop
Seat 4: ygrasill (small blind) folded before Flop
Seat 5: Burlica2013 (big blind) collected ($5.50)
Seat 6: mironchikvld folded before Flop (didn't bet)



PokerStars Hand #254481065016:  Hold'em No Limit ($0.50/$1.00 USD) - 2025/01/21 7:34:30 WET [2025/01/21 2:34:30 ET]
Table 'Sahade III' 6-max Seat #4 is the button
Seat 2: 3EBC96 ($100 in chips) is sitting out
Seat 1: 4ikkiBamBoni ($100.39 in chips) 
Seat 3: blistein ($102.18 in chips) 
Seat 4: ygrasill ($12.87 in chips) 
Seat 5: Burlica2013 ($116.92 in chips) 
Seat 6: mironchikvld ($100 in chips) 
Burlica2013: posts small blind $0.50
mironchikvld: posts big blind $1
3EBC96: sits out 
*** HOLE CARDS ***
4ikkiBamBoni: folds 
blistein: folds 
ygrasill: folds 
Burlica2013: folds 
Uncalled bet ($0.50) returned to mironchikvld
mironchikvld collected $1 from pot
mironchikvld: doesn't show hand 
*** SUMMARY ***
Total pot $1 | Rake $0 
Seat 2: 3EBC96
Seat 1: 4ikkiBamBoni folded before Flop (didn't bet)
Seat 3: blistein folded before Flop (didn't bet)
Seat 4: ygrasill (button) folded before Flop (didn't bet)
Seat 5: Burlica2013 (small blind) folded before Flop
Seat 6: mironchikvld (big blind) collected ($1)



PokerStars Hand #254481065624:  Hold'em No Limit ($0.50/$1.00 USD) - 2025/01/21 7:34:38 WET [2025/01/21 2:34:38 ET]
Table 'Sahade III' 6-max Seat #5 is the button
Seat 2: 3EBC96 ($100 in chips) is sitting out
Seat 1: 4ikkiBamBoni ($100.39 in chips) 
Seat 3: blistein ($102.18 in chips) 
Seat 4: ygrasill ($12.87 in chips) 
Seat 5: Burlica2013 ($116.42 in chips) 
Seat 6: mironchikvld ($100.50 in chips) 
mironchikvld: posts small blind $0.50
4ikkiBamBoni: posts big blind $1
3EBC96: sits out 
*** HOLE CARDS ***
blistein: folds 
ygrasill: folds 
Burlica2013: folds 
mironchikvld: raises $2 to $3
4ikkiBamBoni: calls $2
*** FLOP *** [4d 8c Kh]
mironchikvld: checks 
4ikkiBamBoni: checks 
*** TURN *** [4d 8c Kh] [5s]
Burlica2013 leaves the table
mironchikvld: checks 
4ikkiBamBoni: checks 
*** RIVER *** [4d 8c Kh 5s] [Jc]
mironchikvld: checks 
4ikkiBamBoni: bets $4.28
mironchikvld: folds 
Uncalled bet ($4.28) returned to 4ikkiBamBoni
4ikkiBamBoni collected $5.70 from pot
4ikkiBamBoni: doesn't show hand 
*** SUMMARY ***
Total pot $6 | Rake $0.30 
Board [4d 8c Kh 5s Jc]
Seat 2: 3EBC96
Seat 1: 4ikkiBamBoni (big blind) collected ($5.70)
Seat 3: blistein folded before Flop (didn't bet)
Seat 4: ygrasill folded before Flop (didn't bet)
Seat 5: Burlica2013 (button) folded before Flop (didn't bet)
Seat 6: mironchikvld (small blind) folded on the River



PokerStars Hand #254481070087:  Hold'em No Limit ($0.50/$1.00 USD) - 2025/01/21 7:35:45 WET [2025/01/21 2:35:45 ET]
Table 'Sahade III' 6-max Seat #6 is the button
Seat 1: 4ikkiBamBoni ($103.09 in chips) 
Seat 2: 3EBC96 ($100 in chips) 
Seat 3: blistein ($102.18 in chips) 
Seat 4: ygrasill ($12.87 in chips) 
Seat 6: mironchikvld ($100 in chips) 
4ikkiBamBoni: posts small blind $0.50
3EBC96: posts big blind $1
*** HOLE CARDS ***
blistein: folds 
ygrasill: folds 
Bugacsek5 joins the table at seat #5 
Bugacsek5 is disconnected 
mironchikvld: folds 
4ikkiBamBoni: folds 
Uncalled bet ($0.50) returned to 3EBC96
3EBC96 collected $1 from pot
3EBC96: doesn't show hand 
*** SUMMARY ***
Total pot $1 | Rake $0 
Seat 1: 4ikkiBamBoni (small blind) folded before Flop
Seat 2: 3EBC96 (big blind) collected ($1)
Seat 3: blistein folded before Flop (didn't bet)
Seat 4: ygrasill folded before Flop (didn't bet)
Seat 6: mironchikvld (button) folded before Flop (didn't bet)



PokerStars Hand #254481071436:  Hold'em No Limit ($0.50/$1.00 USD) - 2025/01/21 7:36:06 WET [2025/01/21 2:36:06 ET]
Table 'Sahade III' 6-max Seat #1 is the button
Seat 5: Bugacsek5 ($13.17 in chips) is sitting out
Seat 1: 4ikkiBamBoni ($102.59 in chips) 
Seat 2: 3EBC96 ($100.50 in chips) 
Seat 3: blistein ($102.18 in chips) 
Seat 4: ygrasill ($12.87 in chips) 
Seat 6: mironchikvld ($100 in chips) 
3EBC96: posts small blind $0.50
blistein: posts big blind $1
Bugacsek5: sits out 
*** HOLE CARDS ***
ygrasill: raises $1 to $2
mironchikvld: folds 
4ikkiBamBoni: folds 
3EBC96: folds 
blistein: folds 
Uncalled bet ($1) returned to ygrasill
ygrasill collected $2.50 from pot
*** SUMMARY ***
Total pot $2.50 | Rake $0 
Seat 5: Bugacsek5
Seat 1: 4ikkiBamBoni (button) folded before Flop (didn't bet)
Seat 2: 3EBC96 (small blind) folded before Flop
Seat 3: blistein (big blind) folded before Flop
Seat 4: ygrasill collected ($2.50)
Seat 6: mironchikvld folded before Flop (didn't bet)



PokerStars Hand #254481072362:  Hold'em No Limit ($0.50/$1.00 USD) - 2025/01/21 7:36:20 WET [2025/01/21 2:36:20 ET]
Table 'Sahade III' 6-max Seat #2 is the button
Seat 1: 4ikkiBamBoni ($102.59 in chips) 
Seat 2: 3EBC96 ($100 in chips) 
Seat 3: blistein ($101.18 in chips) 
Seat 4: ygrasill ($14.37 in chips) 
Seat 5: Bugacsek5 ($13.17 in chips) 
Seat 6: mironchikvld ($100 in chips) 
blistein: posts small blind $0.50
ygrasill: posts big blind $1
Bugacsek5: posts big blind $1
*** HOLE CARDS ***
Bugacsek5: checks 
mironchikvld: folds 
4ikkiBamBoni: raises $3.20 to $4.20
3EBC96: folds 
blistein: folds 
ygrasill: folds 
Bugacsek5: folds 
Uncalled bet ($3.20) returned to 4ikkiBamBoni
4ikkiBamBoni collected $3.50 from pot
4ikkiBamBoni: doesn't show hand 
*** SUMMARY ***
Total pot $3.50 | Rake $0 
Seat 1: 4ikkiBamBoni collected ($3.50)
Seat 2: 3EBC96 (button) folded before Flop (didn't bet)
Seat 3: blistein (small blind) folded before Flop
Seat 4: ygrasill (big blind) folded before Flop
Seat 5: Bugacsek5 folded before Flop (didn't bet)
Seat 6: mironchikvld folded before Flop (didn't bet)



PokerStars Hand #254481074219:  Hold'em No Limit ($0.50/$1.00 USD) - 2025/01/21 7:36:47 WET [2025/01/21 2:36:47 ET]
Table 'Sahade III' 6-max Seat #3 is the button
Seat 1: 4ikkiBamBoni ($105.09 in chips) 
Seat 2: 3EBC96 ($100 in chips) 
Seat 3: blistein ($100.68 in chips) 
Seat 4: ygrasill ($13.37 in chips) 
Seat 5: Bugacsek5 ($12.17 in chips) 
Seat 6: mironchikvld ($100 in chips) 
ygrasill: posts small blind $0.50
Bugacsek5: posts big blind $1
*** HOLE CARDS ***
mironchikvld: folds 
4ikkiBamBoni: folds 
3EBC96: folds 
blistein: raises $1.50 to $2.50
ygrasill: folds 
Bugacsek5: raises $1.50 to $4
blistein: calls $1.50
*** FLOP *** [As Kd 3c]
Bugacsek5: checks 
blistein: bets $1
Bugacsek5: calls $1
*** TURN *** [As Kd 3c] [3s]
Bugacsek5: checks 
blistein: checks 
*** RIVER *** [As Kd 3c 3s] [Kh]
Bugacsek5: checks 
blistein: checks 
*** SHOW DOWN ***
Bugacsek5: shows [9c 9s] (two pair, Kings and Nines)
blistein: mucks hand 
Bugacsek5 collected $9.98 from pot
*** SUMMARY ***
Total pot $10.50 | Rake $0.52 
Board [As Kd 3c 3s Kh]
Seat 1: 4ikkiBamBoni folded before Flop (didn't bet)
Seat 2: 3EBC96 folded before Flop (didn't bet)
Seat 3: blistein (button) mucked
Seat 4: ygrasill (small blind) folded before Flop
Seat 5: Bugacsek5 (big blind) showed [9c 9s] and won ($9.98) with two pair, Kings and Nines
Seat 6: mironchikvld folded before Flop (didn't bet)



PokerStars Hand #254481078225:  Hold'em No Limit ($0.50/$1.00 USD) - 2025/01/21 7:37:48 WET [2025/01/21 2:37:48 ET]
Table 'Sahade III' 6-max Seat #4 is the button
Seat 1: 4ikkiBamBoni ($105.09 in chips) 
Seat 2: 3EBC96 ($100 in chips) 
Seat 3: blistein ($100 in chips) 
Seat 4: ygrasill ($12.87 in chips) 
Seat 5: Bugacsek5 ($17.15 in chips) 
Seat 6: mironchikvld ($100 in chips) 
Bugacsek5: posts small blind $0.50
mironchikvld: posts big blind $1
*** HOLE CARDS ***
4ikkiBamBoni: raises $1.55 to $2.55
3EBC96: folds 
blistein: folds 
ygrasill: folds 
Bugacsek5: folds 
mironchikvld: folds 
Uncalled bet ($1.55) returned to 4ikkiBamBoni
4ikkiBamBoni collected $2.50 from pot
4ikkiBamBoni: doesn't show hand 
*** SUMMARY ***
Total pot $2.50 | Rake $0 
Seat 1: 4ikkiBamBoni collected ($2.50)
Seat 2: 3EBC96 folded before Flop (didn't bet)
Seat 3: blistein folded before Flop (didn't bet)
Seat 4: ygrasill (button) folded before Flop (didn't bet)
Seat 5: Bugacsek5 (small blind) folded before Flop
Seat 6: mironchikvld (big blind) folded before Flop



PokerStars Hand #254481079649:  Hold'em No Limit ($0.50/$1.00 USD) - 2025/01/21 7:38:09 WET [2025/01/21 2:38:09 ET]
Table 'Sahade III' 6-max Seat #5 is the button
Seat 1: 4ikkiBamBoni ($106.59 in chips) 
Seat 2: 3EBC96 ($100 in chips) 
Seat 3: blistein ($100 in chips) 
Seat 4: ygrasill ($12.87 in chips) 
Seat 5: Bugacsek5 ($16.65 in chips) 
Seat 6: mironchikvld ($100 in chips) 
mironchikvld: posts small blind $0.50
4ikkiBamBoni: posts big blind $1
*** HOLE CARDS ***
3EBC96: raises $1.50 to $2.50
blistein: folds 
ygrasill: folds 
Bugacsek5: calls $2.50
mironchikvld: folds 
4ikkiBamBoni: calls $1.50
*** FLOP *** [3c Ah Kd]
4ikkiBamBoni: checks 
3EBC96: bets $2.51
Bugacsek5: calls $2.51
4ikkiBamBoni: folds 
*** TURN *** [3c Ah Kd] [2h]
3EBC96: bets $9.28
Bugacsek5: calls $9.28
*** RIVER *** [3c Ah Kd 2h] [8c]
3EBC96: bets $16.50
Bugacsek5: calls $2.36 and is all-in
Uncalled bet ($14.14) returned to 3EBC96
*** SHOW DOWN ***
3EBC96: shows [Qh As] (a pair of Aces)
Bugacsek5: shows [Jd Ac] (a pair of Aces - lower kicker)
3EBC96 collected $34.48 from pot
*** SUMMARY ***
Total pot $36.30 | Rake $1.82 
Board [3c Ah Kd 2h 8c]
Seat 1: 4ikkiBamBoni (big blind) folded on the Flop
Seat 2: 3EBC96 showed [Qh As] and won ($34.48) with a pair of Aces
Seat 3: blistein folded before Flop (didn't bet)
Seat 4: ygrasill folded before Flop (didn't bet)
Seat 5: Bugacsek5 (button) showed [Jd Ac] and lost with a pair of Aces
Seat 6: mironchikvld (small blind) folded before Flop



PokerStars Hand #254481083601:  Hold'em No Limit ($0.50/$1.00 USD) - 2025/01/21 7:39:07 WET [2025/01/21 2:39:07 ET]
Table 'Sahade III' 6-max Seat #6 is the button
Seat 5: Bugacsek5 ($0 in chips) is sitting out
Seat 1: 4ikkiBamBoni ($104.09 in chips) 
Seat 2: 3EBC96 ($117.83 in chips) 
Seat 3: blistein ($100 in chips) 
Seat 4: ygrasill ($12.87 in chips) 
Seat 6: mironchikvld ($100 in chips) 
4ikkiBamBoni: posts small blind $0.50
3EBC96: posts big blind $1
*** HOLE CARDS ***
blistein: folds 
ygrasill: calls $1
Bugacsek5 leaves the table
mironchikvld: folds 
blistein leaves the table
4ikkiBamBoni: raises $7 to $8
3EBC96: folds 
ygrasill: folds 
Uncalled bet ($7) returned to 4ikkiBamBoni
4ikkiBamBoni collected $3 from pot
4ikkiBamBoni: doesn't show hand 
*** SUMMARY ***
Total pot $3 | Rake $0 
Seat 5: Bugacsek5
Seat 1: 4ikkiBamBoni (small blind) collected ($3)
Seat 2: 3EBC96 (big blind) folded before Flop
Seat 3: blistein folded before Flop (didn't bet)
Seat 4: ygrasill folded before Flop
Seat 6: mironchikvld (button) folded before Flop (didn't bet)



PokerStars Hand #254481084728:  Hold'em No Limit ($0.50/$1.00 USD) - 2025/01/21 7:39:24 WET [2025/01/21 2:39:24 ET]
Table 'Sahade III' 6-max Seat #1 is the button
Seat 1: 4ikkiBamBoni ($106.09 in chips) 
Seat 2: 3EBC96 ($116.83 in chips) 
Seat 4: ygrasill ($11.87 in chips) 
Seat 6: mironchikvld ($100 in chips) 
3EBC96: posts small blind $0.50
ygrasill: posts big blind $1
*** HOLE CARDS ***
mironchikvld: raises $1 to $2
4ikkiBamBoni: calls $2
Botikacs92 joins the table at seat #3 
Botikacs92 is disconnected 
3EBC96: folds 
ygrasill: folds 
*** FLOP *** [5s 9s 2s]
B1GBankroll joins the table at seat #5 
mironchikvld: bets $1.72
4ikkiBamBoni: calls $1.72
*** TURN *** [5s 9s 2s] [9c]
mironchikvld: bets $2.80
4ikkiBamBoni: calls $2.80
*** RIVER *** [5s 9s 2s 9c] [Js]
mironchikvld: bets $9.11
4ikkiBamBoni: folds 
Uncalled bet ($9.11) returned to mironchikvld
mironchikvld collected $13.81 from pot
mironchikvld: doesn't show hand 
*** SUMMARY ***
Total pot $14.54 | Rake $0.73 
Board [5s 9s 2s 9c Js]
Seat 1: 4ikkiBamBoni (button) folded on the River
Seat 2: 3EBC96 (small blind) folded before Flop
Seat 4: ygrasill (big blind) folded before Flop
Seat 6: mironchikvld collected ($13.81)



PokerStars Hand #254481089361:  Hold'em No Limit ($0.50/$1.00 USD) - 2025/01/21 7:40:31 WET [2025/01/21 2:40:31 ET]
Table 'Sahade III' 6-max Seat #2 is the button
Seat 3: Botikacs92 ($14.82 in chips) is sitting out
Seat 1: 4ikkiBamBoni ($100 in chips) 
Seat 2: 3EBC96 ($116.33 in chips) 
Seat 4: ygrasill ($10.87 in chips) 
Seat 5: B1GBankroll ($100 in chips) 
Seat 6: mironchikvld ($107.29 in chips) 
ygrasill: posts small blind $0.50
B1GBankroll: posts big blind $1
*** HOLE CARDS ***
mironchikvld: folds 
4ikkiBamBoni: folds 
3EBC96: folds 
ygrasill: calls $0.50
B1GBankroll: checks 
*** FLOP *** [Ad Kd 6d]
ygrasill: bets $1
B1GBankroll: folds 
Uncalled bet ($1) returned to ygrasill
ygrasill collected $1.90 from pot
*** SUMMARY ***
Total pot $2 | Rake $0.10 
Board [Ad Kd 6d]
Seat 3: Botikacs92
Seat 1: 4ikkiBamBoni folded before Flop (didn't bet)
Seat 2: 3EBC96 (button) folded before Flop (didn't bet)
Seat 4: ygrasill (small blind) collected ($1.90)
Seat 5: B1GBankroll (big blind) folded on the Flop
Seat 6: mironchikvld folded before Flop (didn't bet)



PokerStars Hand #254481090939:  Hold'em No Limit ($0.50/$1.00 USD) - 2025/01/21 7:40:55 WET [2025/01/21 2:40:55 ET]
Table 'Sahade III' 6-max Seat #4 is the button
Seat 1: 4ikkiBamBoni ($100 in chips) 
Seat 2: 3EBC96 ($116.33 in chips) 
Seat 3: Botikacs92 ($14.82 in chips) 
Seat 4: ygrasill ($11.77 in chips) 
Seat 5: B1GBankroll ($100 in chips) 
Seat 6: mironchikvld ($107.29 in chips) 
B1GBankroll: posts small blind $0.50
mironchikvld: posts big blind $1
Botikacs92: posts big blind $1
*** HOLE CARDS ***
4ikkiBamBoni: folds 
3EBC96: folds 
Botikacs92: checks 
ygrasill: folds 
B1GBankroll: raises $3.20 to $4.20
mironchikvld: raises $8.80 to $13
Botikacs92: folds 
B1GBankroll: calls $8.80
*** FLOP *** [7d 4s Ah]
B1GBankroll: checks 
mironchikvld: bets $8.46
B1GBankroll: calls $8.46
*** TURN *** [7d 4s Ah] [Th]
B1GBankroll: checks 
mironchikvld: bets $27.54
B1GBankroll: raises $51 to $78.54 and is all-in
mironchikvld: calls $51
*** RIVER *** [7d 4s Ah Th] [7c]
*** SHOW DOWN ***
B1GBankroll: shows [Qh Ad] (two pair, Aces and Sevens)
mironchikvld: shows [Ac Kc] (two pair, Aces and Sevens - King kicker)
mironchikvld collected $198.50 from pot
*** SUMMARY ***
Total pot $201 | Rake $2.50 
Board [7d 4s Ah Th 7c]
Seat 1: 4ikkiBamBoni folded before Flop (didn't bet)
Seat 2: 3EBC96 folded before Flop (didn't bet)
Seat 3: Botikacs92 folded before Flop (didn't bet)
Seat 4: ygrasill (button) folded before Flop (didn't bet)
Seat 5: B1GBankroll (small blind) showed [Qh Ad] and lost with two pair, Aces and Sevens
Seat 6: mironchikvld (big blind) showed [Ac Kc] and won ($198.50) with two pair, Aces and Sevens



PokerStars Hand #254481098665:  Hold'em No Limit ($0.50/$1.00 USD) - 2025/01/21 7:42:50 WET [2025/01/21 2:42:50 ET]
Table 'Sahade III' 6-max Seat #5 is the button
Seat 1: 4ikkiBamBoni ($100 in chips) 
Seat 2: 3EBC96 ($116.33 in chips) 
Seat 3: Botikacs92 ($13.82 in chips) 
Seat 4: ygrasill ($11.77 in chips) 
Seat 5: B1GBankroll ($100 in chips) 
Seat 6: mironchikvld ($205.79 in chips) 
mironchikvld: posts small blind $0.50
4ikkiBamBoni: posts big blind $1
*** HOLE CARDS ***
3EBC96: folds 
Botikacs92: calls $1
ygrasill: folds 
B1GBankroll: folds 
mironchikvld: raises $3 to $4
4ikkiBamBoni: folds 
Botikacs92: calls $3
*** FLOP *** [9c Th Ks]
mironchikvld: bets $12.83
Botikacs92: calls $9.82 and is all-in
Uncalled bet ($3.01) returned to mironchikvld
*** TURN *** [9c Th Ks] [3s]
*** RIVER *** [9c Th Ks 3s] [5h]
*** SHOW DOWN ***
mironchikvld: shows [Kc Ac] (a pair of Kings)
Botikacs92: shows [Jd 8d] (high card King)
mironchikvld collected $27.21 from pot
*** SUMMARY ***
Total pot $28.64 | Rake $1.43 
Board [9c Th Ks 3s 5h]
Seat 1: 4ikkiBamBoni (big blind) folded before Flop
Seat 2: 3EBC96 folded before Flop (didn't bet)
Seat 3: Botikacs92 showed [Jd 8d] and lost with high card King
Seat 4: ygrasill folded before Flop (didn't bet)
Seat 5: B1GBankroll (button) folded before Flop (didn't bet)
Seat 6: mironchikvld (small blind) showed [Kc Ac] and won ($27.21) with a pair of Kings



PokerStars Hand #254481101871:  Hold'em No Limit ($0.50/$1.00 USD) - 2025/01/21 7:43:37 WET [2025/01/21 2:43:37 ET]
Table 'Sahade III' 6-max Seat #6 is the button
Seat 3: Botikacs92 ($0 in chips) is sitting out
Seat 1: 4ikkiBamBoni ($100 in chips) 
Seat 2: 3EBC96 ($116.33 in chips) 
Seat 4: ygrasill ($11.77 in chips) 
Seat 5: B1GBankroll ($100 in chips) 
Seat 6: mironchikvld ($219.18 in chips) 
4ikkiBamBoni: posts small blind $0.50
3EBC96: posts big blind $1
*** HOLE CARDS ***
ygrasill: calls $1
B1GBankroll: folds 
Botikacs92 leaves the table
mironchikvld: raises $2 to $3
4ikkiBamBoni: folds 
3EBC96: folds 
ygrasill: calls $2
*** FLOP *** [6h Tc 6d]
ygrasill: bets $1
mironchikvld: calls $1
*** TURN *** [6h Tc 6d] [5h]
ygrasill: bets $2
mironchikvld: calls $2
*** RIVER *** [6h Tc 6d 5h] [Qd]
ygrasill: bets $2
mironchikvld: calls $2
*** SHOW DOWN ***
ygrasill: shows [8h Qh] (two pair, Queens and Sixes)
mironchikvld: mucks hand 
ygrasill collected $16.62 from pot
*** SUMMARY ***
Total pot $17.50 | Rake $0.88 
Board [6h Tc 6d 5h Qd]
Seat 3: Botikacs92
Seat 1: 4ikkiBamBoni (small blind) folded before Flop
Seat 2: 3EBC96 (big blind) folded before Flop
Seat 4: ygrasill showed [8h Qh] and won ($16.62) with two pair, Queens and Sixes
Seat 5: B1GBankroll folded before Flop (didn't bet)
Seat 6: mironchikvld (button) mucked



PokerStars Hand #254481106086:  Hold'em No Limit ($0.50/$1.00 USD) - 2025/01/21 7:44:39 WET [2025/01/21 2:44:39 ET]
Table 'Sahade III' 6-max Seat #1 is the button
Seat 1: 4ikkiBamBoni ($100 in chips) 
Seat 2: 3EBC96 ($115.33 in chips) 
Seat 4: ygrasill ($20.39 in chips) 
Seat 5: B1GBankroll ($100 in chips) 
Seat 6: mironchikvld ($211.18 in chips) 
3EBC96: posts small blind $0.50
ygrasill: posts big blind $1
*** HOLE CARDS ***
B1GBankroll: folds 
mironchikvld: raises $1.50 to $2.50
4ikkiBamBoni: folds 
3EBC96: folds 
ygrasill: folds 
Uncalled bet ($1.50) returned to mironchikvld
mironchikvld collected $2.50 from pot
mironchikvld: doesn't show hand 
*** SUMMARY ***
Total pot $2.50 | Rake $0 
Seat 1: 4ikkiBamBoni (button) folded before Flop (didn't bet)
Seat 2: 3EBC96 (small blind) folded before Flop
Seat 4: ygrasill (big blind) folded before Flop
Seat 5: B1GBankroll folded before Flop (didn't bet)
Seat 6: mironchikvld collected ($2.50)



PokerStars Hand #254481106893:  Hold'em No Limit ($0.50/$1.00 USD) - 2025/01/21 7:44:51 WET [2025/01/21 2:44:51 ET]
Table 'Sahade III' 6-max Seat #2 is the button
Seat 1: 4ikkiBamBoni ($100 in chips) 
Seat 2: 3EBC96 ($114.83 in chips) 
Seat 4: ygrasill ($19.39 in chips) 
Seat 5: B1GBankroll ($100 in chips) 
Seat 6: mironchikvld ($212.68 in chips) 
ygrasill: posts small blind $0.50
B1GBankroll: posts big blind $1
*** HOLE CARDS ***
mironchikvld: raises $1.50 to $2.50
4ikkiBamBoni: raises $5.50 to $8
3EBC96: folds 
ygrasill: folds 
B1GBankroll: folds 
nickreason17 joins the table at seat #3 
mironchikvld: calls $5.50
*** FLOP *** [4h 9h Th]
mironchikvld: checks 
4ikkiBamBoni: checks 
*** TURN *** [4h 9h Th] [Kc]
mironchikvld: bets $18
4ikkiBamBoni: folds 
Uncalled bet ($18) returned to mironchikvld
mironchikvld collected $16.62 from pot
mironchikvld: doesn't show hand 
*** SUMMARY ***
Total pot $17.50 | Rake $0.88 
Board [4h 9h Th Kc]
Seat 1: 4ikkiBamBoni folded on the Turn
Seat 2: 3EBC96 (button) folded before Flop (didn't bet)
Seat 4: ygrasill (small blind) folded before Flop
Seat 5: B1GBankroll (big blind) folded before Flop
Seat 6: mironchikvld collected ($16.62)



PokerStars Hand #254481111267:  Hold'em No Limit ($0.50/$1.00 USD) - 2025/01/21 7:45:56 WET [2025/01/21 2:45:56 ET]
Table 'Sahade III' 6-max Seat #4 is the button
Seat 3: nickreason17 ($100 in chips) is sitting out
Seat 1: 4ikkiBamBoni ($100 in chips) 
Seat 2: 3EBC96 ($114.83 in chips) 
Seat 4: ygrasill ($18.89 in chips) 
Seat 5: B1GBankroll ($100 in chips) 
Seat 6: mironchikvld ($221.30 in chips) 
B1GBankroll: posts small blind $0.50
mironchikvld: posts big blind $1
nickreason17: sits out 
*** HOLE CARDS ***
4ikkiBamBoni: folds 
3EBC96: raises $1.50 to $2.50
ygrasill: folds 
B1GBankroll: folds 
mironchikvld: folds 
Uncalled bet ($1.50) returned to 3EBC96
3EBC96 collected $2.50 from pot
3EBC96: doesn't show hand 
*** SUMMARY ***
Total pot $2.50 | Rake $0 
Seat 3: nickreason17
Seat 1: 4ikkiBamBoni folded before Flop (didn't bet)
Seat 2: 3EBC96 collected ($2.50)
Seat 4: ygrasill (button) folded before Flop (didn't bet)
Seat 5: B1GBankroll (small blind) folded before Flop
Seat 6: mironchikvld (big blind) folded before Flop



PokerStars Hand #254481113329:  Hold'em No Limit ($0.50/$1.00 USD) - 2025/01/21 7:46:25 WET [2025/01/21 2:46:25 ET]
Table 'Sahade III' 6-max Seat #5 is the button
Seat 3: nickreason17 ($100 in chips) is sitting out
Seat 1: 4ikkiBamBoni ($100 in chips) 
Seat 2: 3EBC96 ($116.33 in chips) 
Seat 4: ygrasill ($18.89 in chips) 
Seat 5: B1GBankroll ($100 in chips) 
Seat 6: mironchikvld ($220.30 in chips) 
mironchikvld: posts small blind $0.50
4ikkiBamBoni: posts big blind $1
nickreason17: sits out 
*** HOLE CARDS ***
3EBC96: folds 
ygrasill: folds 
B1GBankroll: folds 
mironchikvld: folds 
Uncalled bet ($0.50) returned to 4ikkiBamBoni
4ikkiBamBoni collected $1 from pot
4ikkiBamBoni: doesn't show hand 
*** SUMMARY ***
Total pot $1 | Rake $0 
Seat 3: nickreason17
Seat 1: 4ikkiBamBoni (big blind) collected ($1)
Seat 2: 3EBC96 folded before Flop (didn't bet)
Seat 4: ygrasill folded before Flop (didn't bet)
Seat 5: B1GBankroll (button) folded before Flop (didn't bet)
Seat 6: mironchikvld (small blind) folded before Flop



PokerStars Hand #254481114568:  Hold'em No Limit ($0.50/$1.00 USD) - 2025/01/21 7:46:43 WET [2025/01/21 2:46:43 ET]
Table 'Sahade III' 6-max Seat #6 is the button
Seat 2: 3EBC96 ($116.33 in chips) is sitting out
Seat 1: 4ikkiBamBoni ($100.50 in chips) 
Seat 3: nickreason17 ($100 in chips) 
Seat 4: ygrasill ($18.89 in chips) 
Seat 5: B1GBankroll ($100 in chips) 
Seat 6: mironchikvld ($219.80 in chips) 
4ikkiBamBoni: posts small blind $0.50
3EBC96: is sitting out 
nickreason17: posts big blind $1
*** HOLE CARDS ***
3EBC96 leaves the table
ygrasill: folds 
B1GBankroll: folds 
G.HANSEN333 joins the table at seat #2 
mironchikvld: folds 
4ikkiBamBoni: folds 
Uncalled bet ($0.50) returned to nickreason17
nickreason17 collected $1 from pot
nickreason17: doesn't show hand 
*** SUMMARY ***
Total pot $1 | Rake $0 
Seat 2: 3EBC96
Seat 1: 4ikkiBamBoni (small blind) folded before Flop
Seat 3: nickreason17 (big blind) collected ($1)
Seat 4: ygrasill folded before Flop (didn't bet)
Seat 5: B1GBankroll folded before Flop (didn't bet)
Seat 6: mironchikvld (button) folded before Flop (didn't bet)



PokerStars Hand #254481115873:  Hold'em No Limit ($0.50/$1.00 USD) - 2025/01/21 7:47:02 WET [2025/01/21 2:47:02 ET]
Table 'Sahade III' 6-max Seat #1 is the button
Seat 2: G.HANSEN333 ($100 in chips) is sitting out
Seat 1: 4ikkiBamBoni ($100 in chips) 
Seat 3: nickreason17 ($100.50 in chips) 
Seat 4: ygrasill ($18.89 in chips) 
Seat 5: B1GBankroll ($100 in chips) 
Seat 6: mironchikvld ($219.80 in chips) 
nickreason17: posts small blind $0.50
ygrasill: posts big blind $1
*** HOLE CARDS ***
B1GBankroll: folds 
mironchikvld: folds 
4ikkiBamBoni: folds 
nickreason17: folds 
Uncalled bet ($0.50) returned to ygrasill
ygrasill collected $1 from pot
*** SUMMARY ***
Total pot $1 | Rake $0 
Seat 2: G.HANSEN333
Seat 1: 4ikkiBamBoni (button) folded before Flop (didn't bet)
Seat 3: nickreason17 (small blind) folded before Flop
Seat 4: ygrasill (big blind) collected ($1)
Seat 5: B1GBankroll folded before Flop (didn't bet)
Seat 6: mironchikvld folded before Flop (didn't bet)



PokerStars Hand #254481116791:  Hold'em No Limit ($0.50/$1.00 USD) - 2025/01/21 7:47:15 WET [2025/01/21 2:47:15 ET]
Table 'Sahade III' 6-max Seat #3 is the button
Seat 2: G.HANSEN333 ($100 in chips) is sitting out
Seat 1: 4ikkiBamBoni ($100 in chips) 
Seat 3: nickreason17 ($100 in chips) 
Seat 4: ygrasill ($19.39 in chips) 
Seat 5: B1GBankroll ($100 in chips) 
Seat 6: mironchikvld ($219.80 in chips) 
ygrasill: posts small blind $0.50
B1GBankroll: posts big blind $1
G.HANSEN333: sits out 
*** HOLE CARDS ***
mironchikvld: folds 
4ikkiBamBoni: folds 
nickreason17: folds 
ygrasill: folds 
Uncalled bet ($0.50) returned to B1GBankroll
B1GBankroll collected $1 from pot
B1GBankroll: doesn't show hand 
*** SUMMARY ***
Total pot $1 | Rake $0 
Seat 2: G.HANSEN333
Seat 1: 4ikkiBamBoni folded before Flop (didn't bet)
Seat 3: nickreason17 (button) folded before Flop (didn't bet)
Seat 4: ygrasill (small blind) folded before Flop
Seat 5: B1GBankroll (big blind) collected ($1)
Seat 6: mironchikvld folded before Flop (didn't bet)



PokerStars Hand #254481117802:  Hold'em No Limit ($0.50/$1.00 USD) - 2025/01/21 7:47:30 WET [2025/01/21 2:47:30 ET]
Table 'Sahade III' 6-max Seat #4 is the button
Seat 2: G.HANSEN333 ($100 in chips) is sitting out
Seat 1: 4ikkiBamBoni ($100 in chips) 
Seat 3: nickreason17 ($100 in chips) 
Seat 4: ygrasill ($18.89 in chips) 
Seat 5: B1GBankroll ($100.50 in chips) 
Seat 6: mironchikvld ($219.80 in chips) 
B1GBankroll: posts small blind $0.50
mironchikvld: posts big blind $1
G.HANSEN333: sits out 
*** HOLE CARDS ***
4ikkiBamBoni: folds 
nickreason17: folds 
ygrasill: folds 
B1GBankroll: folds 
Uncalled bet ($0.50) returned to mironchikvld
mironchikvld collected $1 from pot
*** SUMMARY ***
Total pot $1 | Rake $0 
Seat 2: G.HANSEN333
Seat 1: 4ikkiBamBoni folded before Flop (didn't bet)
Seat 3: nickreason17 folded before Flop (didn't bet)
Seat 4: ygrasill (button) folded before Flop (didn't bet)
Seat 5: B1GBankroll (small blind) folded before Flop
Seat 6: mironchikvld (big blind) collected ($1)



PokerStars Hand #254481118647:  Hold'em No Limit ($0.50/$1.00 USD) - 2025/01/21 7:47:42 WET [2025/01/21 2:47:42 ET]
Table 'Sahade III' 6-max Seat #5 is the button
Seat 2: G.HANSEN333 ($100 in chips) is sitting out
Seat 1: 4ikkiBamBoni ($100 in chips) 
Seat 3: nickreason17 ($100 in chips) 
Seat 4: ygrasill ($18.89 in chips) 
Seat 5: B1GBankroll ($100 in chips) 
Seat 6: mironchikvld ($220.30 in chips) 
mironchikvld: posts small blind $0.50
4ikkiBamBoni: posts big blind $1
G.HANSEN333: sits out 
*** HOLE CARDS ***
nickreason17: folds 
ygrasill: folds 
B1GBankroll: raises $1.50 to $2.50
mironchikvld: folds 
4ikkiBamBoni: folds 
Uncalled bet ($1.50) returned to B1GBankroll
B1GBankroll collected $2.50 from pot
B1GBankroll: doesn't show hand 
*** SUMMARY ***
Total pot $2.50 | Rake $0 
Seat 2: G.HANSEN333
Seat 1: 4ikkiBamBoni (big blind) folded before Flop
Seat 3: nickreason17 folded before Flop (didn't bet)
Seat 4: ygrasill folded before Flop (didn't bet)
Seat 5: B1GBankroll (button) collected ($2.50)
Seat 6: mironchikvld (small blind) folded before Flop



PokerStars Hand #254481120547:  Hold'em No Limit ($0.50/$1.00 USD) - 2025/01/21 7:48:09 WET [2025/01/21 2:48:09 ET]
Table 'Sahade III' 6-max Seat #6 is the button
Seat 1: 4ikkiBamBoni ($100 in chips) 
Seat 2: G.HANSEN333 ($100 in chips) 
Seat 3: nickreason17 ($100 in chips) 
Seat 4: ygrasill ($18.89 in chips) 
Seat 5: B1GBankroll ($101.50 in chips) 
Seat 6: mironchikvld ($219.80 in chips) 
4ikkiBamBoni: posts small blind $0.50
G.HANSEN333: posts big blind $1
*** HOLE CARDS ***
nickreason17: folds 
ygrasill: folds 
B1GBankroll: folds 
mironchikvld: raises $2 to $3
4ikkiBamBoni: folds 
G.HANSEN333: calls $2
*** FLOP *** [8h Jd Qc]
G.HANSEN333: checks 
mironchikvld: checks 
*** TURN *** [8h Jd Qc] [Qs]
G.HANSEN333: checks 
mironchikvld: checks 
*** RIVER *** [8h Jd Qc Qs] [2h]
G.HANSEN333: checks 
mironchikvld: checks 
*** SHOW DOWN ***
G.HANSEN333: shows [6d 6h] (two pair, Queens and Sixes)
mironchikvld: mucks hand 
G.HANSEN333 collected $6.18 from pot
*** SUMMARY ***
Total pot $6.50 | Rake $0.32 
Board [8h Jd Qc Qs 2h]
Seat 1: 4ikkiBamBoni (small blind) folded before Flop
Seat 2: G.HANSEN333 (big blind) showed [6d 6h] and won ($6.18) with two pair, Queens and Sixes
Seat 3: nickreason17 folded before Flop (didn't bet)
Seat 4: ygrasill folded before Flop (didn't bet)
Seat 5: B1GBankroll folded before Flop (didn't bet)
Seat 6: mironchikvld (button) mucked



PokerStars Hand #254481126022:  Hold'em No Limit ($0.50/$1.00 USD) - 2025/01/21 7:49:27 WET [2025/01/21 2:49:27 ET]
Table 'Sahade III' 6-max Seat #1 is the button
Seat 1: 4ikkiBamBoni ($100 in chips) 
Seat 2: G.HANSEN333 ($103.18 in chips) 
Seat 3: nickreason17 ($100 in chips) 
Seat 4: ygrasill ($18.89 in chips) 
Seat 5: B1GBankroll ($101.50 in chips) 
Seat 6: mironchikvld ($216.80 in chips) 
G.HANSEN333: posts small blind $0.50
nickreason17: posts big blind $1
*** HOLE CARDS ***
ygrasill: folds 
B1GBankroll: folds 
mironchikvld: folds 
4ikkiBamBoni: folds 
G.HANSEN333: folds 
Uncalled bet ($0.50) returned to nickreason17
nickreason17 collected $1 from pot
nickreason17: doesn't show hand 
*** SUMMARY ***
Total pot $1 | Rake $0 
Seat 1: 4ikkiBamBoni (button) folded before Flop (didn't bet)
Seat 2: G.HANSEN333 (small blind) folded before Flop
Seat 3: nickreason17 (big blind) collected ($1)
Seat 4: ygrasill folded before Flop (didn't bet)
Seat 5: B1GBankroll folded before Flop (didn't bet)
Seat 6: mironchikvld folded before Flop (didn't bet)



PokerStars Hand #254481127182:  Hold'em No Limit ($0.50/$1.00 USD) - 2025/01/21 7:49:43 WET [2025/01/21 2:49:43 ET]
Table 'Sahade III' 6-max Seat #2 is the button
Seat 1: 4ikkiBamBoni ($100 in chips) 
Seat 2: G.HANSEN333 ($102.68 in chips) 
Seat 3: nickreason17 ($100.50 in chips) 
Seat 4: ygrasill ($18.89 in chips) 
Seat 5: B1GBankroll ($101.50 in chips) 
Seat 6: mironchikvld ($216.80 in chips) 
nickreason17: posts small blind $0.50
ygrasill: posts big blind $1
*** HOLE CARDS ***
B1GBankroll: folds 
mironchikvld: folds 
4ikkiBamBoni: folds 
G.HANSEN333: folds 
nickreason17: folds 
Uncalled bet ($0.50) returned to ygrasill
ygrasill collected $1 from pot
*** SUMMARY ***
Total pot $1 | Rake $0 
Seat 1: 4ikkiBamBoni folded before Flop (didn't bet)
Seat 2: G.HANSEN333 (button) folded before Flop (didn't bet)
Seat 3: nickreason17 (small blind) folded before Flop
Seat 4: ygrasill (big blind) collected ($1)
Seat 5: B1GBankroll folded before Flop (didn't bet)
Seat 6: mironchikvld folded before Flop (didn't bet)



PokerStars Hand #254481128446:  Hold'em No Limit ($0.50/$1.00 USD) - 2025/01/21 7:50:01 WET [2025/01/21 2:50:01 ET]
Table 'Sahade III' 6-max Seat #3 is the button
Seat 1: 4ikkiBamBoni ($100 in chips) is sitting out
Seat 2: G.HANSEN333 ($102.68 in chips) 
Seat 3: nickreason17 ($100 in chips) 
Seat 4: ygrasill ($19.39 in chips) 
Seat 5: B1GBankroll ($101.50 in chips) 
Seat 6: mironchikvld ($216.80 in chips) 
ygrasill: posts small blind $0.50
B1GBankroll: posts big blind $1
*** HOLE CARDS ***
mironchikvld: folds 
G.HANSEN333: folds 
nickreason17: folds 
ygrasill: calls $0.50
B1GBankroll: raises $100.50 to $101.50 and is all-in
ygrasill: calls $18.39 and is all-in
Uncalled bet ($82.11) returned to B1GBankroll
*** FLOP *** [6d Ts 7c]
*** TURN *** [6d Ts 7c] [2s]
*** RIVER *** [6d Ts 7c 2s] [Ks]
*** SHOW DOWN ***
ygrasill: shows [As Jh] (high card Ace)
B1GBankroll: shows [9c Ad] (high card Ace - lower kicker)
ygrasill cashed out the hand for $26.24 | Cash Out Fee $0.54
*** SUMMARY ***
Total pot $38.78 | Rake $1.94 
Board [6d Ts 7c 2s Ks]
Seat 1: 4ikkiBamBoni
Seat 2: G.HANSEN333 folded before Flop (didn't bet)
Seat 3: nickreason17 (button) folded before Flop (didn't bet)
Seat 4: ygrasill (small blind) showed [As Jh] and won ($36.84) with high card Ace (pot not awarded as player cashed out)
Seat 5: B1GBankroll (big blind) showed [9c Ad] and lost with high card Ace
Seat 6: mironchikvld folded before Flop (didn't bet)



PokerStars Hand #254481130723:  Hold'em No Limit ($0.50/$1.00 USD) - 2025/01/21 7:50:34 WET [2025/01/21 2:50:34 ET]
Table 'Sahade III' 6-max Seat #4 is the button
Seat 1: 4ikkiBamBoni ($100 in chips) is sitting out
Seat 2: G.HANSEN333 ($102.68 in chips) 
Seat 3: nickreason17 ($100 in chips) 
Seat 4: ygrasill ($26.24 in chips) 
Seat 5: B1GBankroll ($100 in chips) 
Seat 6: mironchikvld ($216.80 in chips) 
B1GBankroll: posts small blind $0.50
mironchikvld: posts big blind $1
*** HOLE CARDS ***
G.HANSEN333: raises $1.50 to $2.50
nickreason17: folds 
ygrasill: folds 
B1GBankroll: folds 
mironchikvld: folds 
Uncalled bet ($1.50) returned to G.HANSEN333
G.HANSEN333 collected $2.50 from pot
G.HANSEN333: doesn't show hand 
*** SUMMARY ***
Total pot $2.50 | Rake $0 
Seat 1: 4ikkiBamBoni
Seat 2: G.HANSEN333 collected ($2.50)
Seat 3: nickreason17 folded before Flop (didn't bet)
Seat 4: ygrasill (button) folded before Flop (didn't bet)
Seat 5: B1GBankroll (small blind) folded before Flop
Seat 6: mironchikvld (big blind) folded before Flop



PokerStars Hand #254481131710:  Hold'em No Limit ($0.50/$1.00 USD) - 2025/01/21 7:50:48 WET [2025/01/21 2:50:48 ET]
Table 'Sahade III' 6-max Seat #5 is the button
Seat 1: 4ikkiBamBoni ($100 in chips) is sitting out
Seat 2: G.HANSEN333 ($104.18 in chips) 
Seat 3: nickreason17 ($100 in chips) 
Seat 4: ygrasill ($26.24 in chips) 
Seat 5: B1GBankroll ($100 in chips) 
Seat 6: mironchikvld ($215.80 in chips) 
mironchikvld: posts small blind $0.50
G.HANSEN333: posts big blind $1
*** HOLE CARDS ***
nickreason17: raises $1.25 to $2.25
ygrasill: folds 
B1GBankroll: folds 
mironchikvld: folds 
G.HANSEN333: folds 
Uncalled bet ($1.25) returned to nickreason17
nickreason17 collected $2.50 from pot
nickreason17: doesn't show hand 
*** SUMMARY ***
Total pot $2.50 | Rake $0 
Seat 1: 4ikkiBamBoni
Seat 2: G.HANSEN333 (big blind) folded before Flop
Seat 3: nickreason17 collected ($2.50)
Seat 4: ygrasill folded before Flop (didn't bet)
Seat 5: B1GBankroll (button) folded before Flop (didn't bet)
Seat 6: mironchikvld (small blind) folded before Flop



PokerStars Hand #254481133150:  Hold'em No Limit ($0.50/$1.00 USD) - 2025/01/21 7:51:08 WET [2025/01/21 2:51:08 ET]
Table 'Sahade III' 6-max Seat #6 is the button
Seat 1: 4ikkiBamBoni ($100 in chips) is sitting out
Seat 2: G.HANSEN333 ($103.18 in chips) 
Seat 3: nickreason17 ($101.50 in chips) 
Seat 4: ygrasill ($26.24 in chips) 
Seat 5: B1GBankroll ($100 in chips) 
Seat 6: mironchikvld ($215.30 in chips) 
G.HANSEN333: posts small blind $0.50
nickreason17: posts big blind $1
*** HOLE CARDS ***
ygrasill: folds 
B1GBankroll: folds 
mironchikvld: folds 
G.HANSEN333: folds 
Uncalled bet ($0.50) returned to nickreason17
nickreason17 collected $1 from pot
nickreason17: doesn't show hand 
*** SUMMARY ***
Total pot $1 | Rake $0 
Seat 1: 4ikkiBamBoni
Seat 2: G.HANSEN333 (small blind) folded before Flop
Seat 3: nickreason17 (big blind) collected ($1)
Seat 4: ygrasill folded before Flop (didn't bet)
Seat 5: B1GBankroll folded before Flop (didn't bet)
Seat 6: mironchikvld (button) folded before Flop (didn't bet)



PokerStars Hand #254481134126:  Hold'em No Limit ($0.50/$1.00 USD) - 2025/01/21 7:51:22 WET [2025/01/21 2:51:22 ET]
Table 'Sahade III' 6-max Seat #2 is the button
Seat 1: 4ikkiBamBoni ($100 in chips) is sitting out
Seat 2: G.HANSEN333 ($102.68 in chips) 
Seat 3: nickreason17 ($102 in chips) 
Seat 4: ygrasill ($26.24 in chips) 
Seat 5: B1GBankroll ($100 in chips) 
Seat 6: mironchikvld ($215.30 in chips) 
nickreason17: posts small blind $0.50
ygrasill: posts big blind $1
*** HOLE CARDS ***
B1GBankroll: raises $1.50 to $2.50
mironchikvld: folds 
G.HANSEN333: folds 
nickreason17: folds 
ygrasill: calls $1.50
*** FLOP *** [8d Th 8s]
ygrasill: bets $1
B1GBankroll: raises $5.34 to $6.34
ygrasill: folds 
Uncalled bet ($5.34) returned to B1GBankroll
B1GBankroll collected $7.12 from pot
B1GBankroll: doesn't show hand 
*** SUMMARY ***
Total pot $7.50 | Rake $0.38 
Board [8d Th 8s]
Seat 1: 4ikkiBamBoni
Seat 2: G.HANSEN333 (button) folded before Flop (didn't bet)
Seat 3: nickreason17 (small blind) folded before Flop
Seat 4: ygrasill (big blind) folded on the Flop
Seat 5: B1GBankroll collected ($7.12)
Seat 6: mironchikvld folded before Flop (didn't bet)



PokerStars Hand #254481135767:  Hold'em No Limit ($0.50/$1.00 USD) - 2025/01/21 7:51:46 WET [2025/01/21 2:51:46 ET]
Table 'Sahade III' 6-max Seat #3 is the button
Seat 1: 4ikkiBamBoni ($100 in chips) is sitting out
Seat 2: G.HANSEN333 ($102.68 in chips) 
Seat 3: nickreason17 ($101.50 in chips) 
Seat 4: ygrasill ($22.74 in chips) 
Seat 5: B1GBankroll ($103.62 in chips) 
Seat 6: mironchikvld ($215.30 in chips) 
ygrasill: posts small blind $0.50
B1GBankroll: posts big blind $1
*** HOLE CARDS ***
mironchikvld: folds 
G.HANSEN333: folds 
nickreason17: raises $1.50 to $2.50
ygrasill: calls $2
B1GBankroll: folds 
*** FLOP *** [4h Qs 6s]
ygrasill: checks 
nickreason17: bets $1.71
ygrasill: raises $3.29 to $5
nickreason17: calls $3.29
*** TURN *** [4h Qs 6s] [Qc]
ygrasill: checks 
nickreason17: checks 
*** RIVER *** [4h Qs 6s Qc] [5s]
ygrasill: bets $15.20
nickreason17: calls $15.20
*** SHOW DOWN ***
ygrasill: shows [Th Qd] (three of a kind, Queens)
nickreason17: mucks hand 
ygrasill collected $44.08 from pot
*** SUMMARY ***
Total pot $46.40 | Rake $2.32 
Board [4h Qs 6s Qc 5s]
Seat 1: 4ikkiBamBoni
Seat 2: G.HANSEN333 folded before Flop (didn't bet)
Seat 3: nickreason17 (button) mucked
Seat 4: ygrasill (small blind) showed [Th Qd] and won ($44.08) with three of a kind, Queens
Seat 5: B1GBankroll (big blind) folded before Flop
Seat 6: mironchikvld folded before Flop (didn't bet)



PokerStars Hand #254481138424:  Hold'em No Limit ($0.50/$1.00 USD) - 2025/01/21 7:52:24 WET [2025/01/21 2:52:24 ET]
Table 'Sahade III' 6-max Seat #4 is the button
Seat 1: 4ikkiBamBoni ($100 in chips) is sitting out
Seat 2: G.HANSEN333 ($102.68 in chips) 
Seat 3: nickreason17 ($100 in chips) 
Seat 4: ygrasill ($44.12 in chips) 
Seat 5: B1GBankroll ($102.62 in chips) 
Seat 6: mironchikvld ($215.30 in chips) 
B1GBankroll: posts small blind $0.50
mironchikvld: posts big blind $1
4ikkiBamBoni: sits out 
*** HOLE CARDS ***
G.HANSEN333: folds 
nickreason17: folds 
ygrasill: calls $1
B1GBankroll: folds 
mironchikvld: checks 
*** FLOP *** [Js 8h Jh]
mironchikvld: checks 
ygrasill: checks 
*** TURN *** [Js 8h Jh] [5d]
mironchikvld: bets $1.57
ygrasill: folds 
Uncalled bet ($1.57) returned to mironchikvld
mironchikvld collected $2.38 from pot
mironchikvld: doesn't show hand 
*** SUMMARY ***
Total pot $2.50 | Rake $0.12 
Board [Js 8h Jh 5d]
Seat 1: 4ikkiBamBoni
Seat 2: G.HANSEN333 folded before Flop (didn't bet)
Seat 3: nickreason17 folded before Flop (didn't bet)
Seat 4: ygrasill (button) folded on the Turn
Seat 5: B1GBankroll (small blind) folded before Flop
Seat 6: mironchikvld (big blind) collected ($2.38)



PokerStars Hand #254481141628:  Hold'em No Limit ($0.50/$1.00 USD) - 2025/01/21 7:53:10 WET [2025/01/21 2:53:10 ET]
Table 'Sahade III' 6-max Seat #5 is the button
Seat 1: 4ikkiBamBoni ($100 in chips) 
Seat 2: G.HANSEN333 ($102.68 in chips) 
Seat 3: nickreason17 ($100 in chips) 
Seat 4: ygrasill ($43.12 in chips) 
Seat 5: B1GBankroll ($102.12 in chips) 
Seat 6: mironchikvld ($216.68 in chips) 
mironchikvld: posts small blind $0.50
4ikkiBamBoni: posts big blind $1
*** HOLE CARDS ***
G.HANSEN333: folds 
nickreason17: folds 
ygrasill: calls $1
B1GBankroll: folds 
mironchikvld: folds 
4ikkiBamBoni: checks 
*** FLOP *** [2h 8d Qc]
4ikkiBamBoni: checks 
ygrasill: bets $2
4ikkiBamBoni: folds 
Uncalled bet ($2) returned to ygrasill
ygrasill collected $2.38 from pot
*** SUMMARY ***
Total pot $2.50 | Rake $0.12 
Board [2h 8d Qc]
Seat 1: 4ikkiBamBoni (big blind) folded on the Flop
Seat 2: G.HANSEN333 folded before Flop (didn't bet)
Seat 3: nickreason17 folded before Flop (didn't bet)
Seat 4: ygrasill collected ($2.38)
Seat 5: B1GBankroll (button) folded before Flop (didn't bet)
Seat 6: mironchikvld (small blind) folded before Flop



PokerStars Hand #254481144576:  Hold'em No Limit ($0.50/$1.00 USD) - 2025/01/21 7:53:53 WET [2025/01/21 2:53:53 ET]
Table 'Sahade III' 6-max Seat #6 is the button
Seat 1: 4ikkiBamBoni ($100 in chips) 
Seat 2: G.HANSEN333 ($102.68 in chips) 
Seat 3: nickreason17 ($100 in chips) 
Seat 4: ygrasill ($44.50 in chips) 
Seat 5: B1GBankroll ($102.12 in chips) 
Seat 6: mironchikvld ($216.18 in chips) 
4ikkiBamBoni: posts small blind $0.50
G.HANSEN333: posts big blind $1
*** HOLE CARDS ***
nickreason17: raises $1.25 to $2.25
ygrasill: folds 
B1GBankroll: folds 
mironchikvld: folds 
4ikkiBamBoni: folds 
G.HANSEN333: folds 
Uncalled bet ($1.25) returned to nickreason17
nickreason17 collected $2.50 from pot
nickreason17: doesn't show hand 
*** SUMMARY ***
Total pot $2.50 | Rake $0 
Seat 1: 4ikkiBamBoni (small blind) folded before Flop
Seat 2: G.HANSEN333 (big blind) folded before Flop
Seat 3: nickreason17 collected ($2.50)
Seat 4: ygrasill folded before Flop (didn't bet)
Seat 5: B1GBankroll folded before Flop (didn't bet)
Seat 6: mironchikvld (button) folded before Flop (didn't bet)



PokerStars Hand #254481146942:  Hold'em No Limit ($0.50/$1.00 USD) - 2025/01/21 7:54:27 WET [2025/01/21 2:54:27 ET]
Table 'Sahade III' 6-max Seat #1 is the button
Seat 1: 4ikkiBamBoni ($100 in chips) 
Seat 2: G.HANSEN333 ($101.68 in chips) 
Seat 3: nickreason17 ($101.50 in chips) 
Seat 4: ygrasill ($44.50 in chips) 
Seat 5: B1GBankroll ($102.12 in chips) 
Seat 6: mironchikvld ($216.18 in chips) 
G.HANSEN333: posts small blind $0.50
nickreason17: posts big blind $1
*** HOLE CARDS ***
ygrasill: calls $1
B1GBankroll: folds 
mironchikvld: folds 
4ikkiBamBoni: folds 
G.HANSEN333: folds 
nickreason17: checks 
*** FLOP *** [Qc Ks 9c]
nickreason17: checks 
ygrasill: checks 
*** TURN *** [Qc Ks 9c] [2d]
nickreason17: bets $1.50
ygrasill: calls $1.50
*** RIVER *** [Qc Ks 9c 2d] [4s]
nickreason17: bets $4
ygrasill: folds 
Uncalled bet ($4) returned to nickreason17
nickreason17 collected $5.22 from pot
nickreason17: doesn't show hand 
*** SUMMARY ***
Total pot $5.50 | Rake $0.28 
Board [Qc Ks 9c 2d 4s]
Seat 1: 4ikkiBamBoni (button) folded before Flop (didn't bet)
Seat 2: G.HANSEN333 (small blind) folded before Flop
Seat 3: nickreason17 (big blind) collected ($5.22)
Seat 4: ygrasill folded on the River
Seat 5: B1GBankroll folded before Flop (didn't bet)
Seat 6: mironchikvld folded before Flop (didn't bet)



PokerStars Hand #254481151242:  Hold'em No Limit ($0.50/$1.00 USD) - 2025/01/21 7:55:32 WET [2025/01/21 2:55:32 ET]
Table 'Sahade III' 6-max Seat #2 is the button
Seat 1: 4ikkiBamBoni ($100 in chips) 
Seat 2: G.HANSEN333 ($101.18 in chips) 
Seat 3: nickreason17 ($104.22 in chips) 
Seat 4: ygrasill ($42 in chips) 
Seat 5: B1GBankroll ($102.12 in chips) 
Seat 6: mironchikvld ($216.18 in chips) 
nickreason17: posts small blind $0.50
ygrasill: posts big blind $1
*** HOLE CARDS ***
B1GBankroll: folds 
mironchikvld: folds 
4ikkiBamBoni: folds 
G.HANSEN333: raises $1.50 to $2.50
nickreason17: folds 
ygrasill: folds 
Uncalled bet ($1.50) returned to G.HANSEN333
G.HANSEN333 collected $2.50 from pot
G.HANSEN333: doesn't show hand 
*** SUMMARY ***
Total pot $2.50 | Rake $0 
Seat 1: 4ikkiBamBoni folded before Flop (didn't bet)
Seat 2: G.HANSEN333 (button) collected ($2.50)
Seat 3: nickreason17 (small blind) folded before Flop
Seat 4: ygrasill (big blind) folded before Flop
Seat 5: B1GBankroll folded before Flop (didn't bet)
Seat 6: mironchikvld folded before Flop (didn't bet)



PokerStars Hand #254481152393:  Hold'em No Limit ($0.50/$1.00 USD) - 2025/01/21 7:55:51 WET [2025/01/21 2:55:51 ET]
Table 'Sahade III' 6-max Seat #3 is the button
Seat 1: 4ikkiBamBoni ($100 in chips) 
Seat 2: G.HANSEN333 ($102.68 in chips) 
Seat 3: nickreason17 ($103.72 in chips) 
Seat 4: ygrasill ($41 in chips) 
Seat 5: B1GBankroll ($102.12 in chips) 
Seat 6: mironchikvld ($216.18 in chips) 
ygrasill: posts small blind $0.50
B1GBankroll: posts big blind $1
*** HOLE CARDS ***
mironchikvld: raises $2 to $3
4ikkiBamBoni: folds 
G.HANSEN333: folds 
nickreason17: folds 
ygrasill: calls $2.50
B1GBankroll: calls $2
*** FLOP *** [6c 6s 4c]
ygrasill: bets $3
B1GBankroll: raises $7.13 to $10.13
mironchikvld: folds 
ygrasill: folds 
Uncalled bet ($7.13) returned to B1GBankroll
B1GBankroll collected $14.25 from pot
B1GBankroll: doesn't show hand 
*** SUMMARY ***
Total pot $15 | Rake $0.75 
Board [6c 6s 4c]
Seat 1: 4ikkiBamBoni folded before Flop (didn't bet)
Seat 2: G.HANSEN333 folded before Flop (didn't bet)
Seat 3: nickreason17 (button) folded before Flop (didn't bet)
Seat 4: ygrasill (small blind) folded on the Flop
Seat 5: B1GBankroll (big blind) collected ($14.25)
Seat 6: mironchikvld folded on the Flop



PokerStars Hand #254481155045:  Hold'em No Limit ($0.50/$1.00 USD) - 2025/01/21 7:56:35 WET [2025/01/21 2:56:35 ET]
Table 'Sahade III' 6-max Seat #4 is the button
Seat 1: 4ikkiBamBoni ($100 in chips) 
Seat 2: G.HANSEN333 ($102.68 in chips) 
Seat 3: nickreason17 ($103.72 in chips) 
Seat 4: ygrasill ($35 in chips) 
Seat 5: B1GBankroll ($110.37 in chips) 
Seat 6: mironchikvld ($213.18 in chips) 
B1GBankroll: posts small blind $0.50
mironchikvld: posts big blind $1
*** HOLE CARDS ***
4ikkiBamBoni: folds 
G.HANSEN333: folds 
nickreason17: folds 
ygrasill: raises $1 to $2
B1GBankroll: folds 
mironchikvld: calls $1
*** FLOP *** [3d 5c Js]
mironchikvld: checks 
ygrasill: checks 
*** TURN *** [3d 5c Js] [9c]
mironchikvld: bets $2.82
ygrasill: calls $2.82
*** RIVER *** [3d 5c Js 9c] [5h]
mironchikvld: bets $6.36
ygrasill: folds 
Uncalled bet ($6.36) returned to mironchikvld
mironchikvld collected $9.63 from pot
mironchikvld: doesn't show hand 
*** SUMMARY ***
Total pot $10.14 | Rake $0.51 
Board [3d 5c Js 9c 5h]
Seat 1: 4ikkiBamBoni folded before Flop (didn't bet)
Seat 2: G.HANSEN333 folded before Flop (didn't bet)
Seat 3: nickreason17 folded before Flop (didn't bet)
Seat 4: ygrasill (button) folded on the River
Seat 5: B1GBankroll (small blind) folded before Flop
Seat 6: mironchikvld (big blind) collected ($9.63)



PokerStars Hand #254481158701:  Hold'em No Limit ($0.50/$1.00 USD) - 2025/01/21 7:57:34 WET [2025/01/21 2:57:34 ET]
Table 'Sahade III' 6-max Seat #5 is the button
Seat 1: 4ikkiBamBoni ($100 in chips) 
Seat 2: G.HANSEN333 ($102.68 in chips) 
Seat 3: nickreason17 ($103.72 in chips) 
Seat 4: ygrasill ($30.18 in chips) 
Seat 5: B1GBankroll ($109.87 in chips) 
Seat 6: mironchikvld ($217.99 in chips) 
mironchikvld: posts small blind $0.50
4ikkiBamBoni: posts big blind $1
*** HOLE CARDS ***
G.HANSEN333: folds 
nickreason17: raises $1.25 to $2.25
ygrasill: folds 
ygrasill leaves the table
B1GBankroll: folds 
mironchikvld: folds 
4ikkiBamBoni: folds 
Uncalled bet ($1.25) returned to nickreason17
nickreason17 collected $2.50 from pot
nickreason17: doesn't show hand 
*** SUMMARY ***
Total pot $2.50 | Rake $0 
Seat 1: 4ikkiBamBoni (big blind) folded before Flop
Seat 2: G.HANSEN333 folded before Flop (didn't bet)
Seat 3: nickreason17 collected ($2.50)
Seat 4: ygrasill folded before Flop (didn't bet)
Seat 5: B1GBankroll (button) folded before Flop (didn't bet)
Seat 6: mironchikvld (small blind) folded before Flop



PokerStars Hand #254481160494:  Hold'em No Limit ($0.50/$1.00 USD) - 2025/01/21 7:58:04 WET [2025/01/21 2:58:04 ET]
Table 'Sahade III' 6-max Seat #6 is the button
Seat 1: 4ikkiBamBoni ($100 in chips) 
Seat 2: G.HANSEN333 ($102.68 in chips) 
Seat 3: nickreason17 ($105.22 in chips) 
Seat 5: B1GBankroll ($109.87 in chips) 
Seat 6: mironchikvld ($217.49 in chips) 
4ikkiBamBoni: posts small blind $0.50
G.HANSEN333: posts big blind $1
*** HOLE CARDS ***
nickreason17: raises $1.25 to $2.25
B1GBankroll: folds 
mironchikvld: folds 
4ikkiBamBoni: folds 
G.HANSEN333: folds 
Uncalled bet ($1.25) returned to nickreason17
nickreason17 collected $2.50 from pot
nickreason17: doesn't show hand 
*** SUMMARY ***
Total pot $2.50 | Rake $0 
Seat 1: 4ikkiBamBoni (small blind) folded before Flop
Seat 2: G.HANSEN333 (big blind) folded before Flop
Seat 3: nickreason17 collected ($2.50)
Seat 5: B1GBankroll folded before Flop (didn't bet)
Seat 6: mironchikvld (button) folded before Flop (didn't bet)



PokerStars Hand #254481162147:  Hold'em No Limit ($0.50/$1.00 USD) - 2025/01/21 7:58:31 WET [2025/01/21 2:58:31 ET]
Table 'Sahade III' 6-max Seat #1 is the button
Seat 3: nickreason17 ($106.72 in chips) is sitting out
Seat 1: 4ikkiBamBoni ($100 in chips) 
Seat 2: G.HANSEN333 ($101.68 in chips) 
Seat 5: B1GBankroll ($109.87 in chips) 
Seat 6: mironchikvld ($217.49 in chips) 
G.HANSEN333: posts small blind $0.50
B1GBankroll: posts big blind $1
*** HOLE CARDS ***
nickreason17 leaves the table
mironchikvld: raises $2 to $3
4ikkiBamBoni: folds 
G.HANSEN333: folds 
B1GBankroll: folds 
Uncalled bet ($2) returned to mironchikvld
mironchikvld collected $2.50 from pot
mironchikvld: doesn't show hand 
*** SUMMARY ***
Total pot $2.50 | Rake $0 
Seat 3: nickreason17
Seat 1: 4ikkiBamBoni (button) folded before Flop (didn't bet)
Seat 2: G.HANSEN333 (small blind) folded before Flop
Seat 5: B1GBankroll (big blind) folded before Flop
Seat 6: mironchikvld collected ($2.50)



PokerStars Hand #254481164299:  Hold'em No Limit ($0.50/$1.00 USD) - 2025/01/21 7:59:06 WET [2025/01/21 2:59:06 ET]
Table 'Sahade III' 6-max Seat #5 is the button
Seat 1: 4ikkiBamBoni ($100 in chips) is sitting out
Seat 6: mironchikvld ($218.99 in chips) is sitting out
Seat 2: G.HANSEN333 ($101.18 in chips) 
Seat 5: B1GBankroll ($108.87 in chips) 
B1GBankroll: posts small blind $0.50
mironchikvld: is sitting out 
4ikkiBamBoni: is sitting out 
G.HANSEN333: posts big blind $1
*** HOLE CARDS ***
B1GBankroll: folds 
Uncalled bet ($0.50) returned to G.HANSEN333
G.HANSEN333 collected $1 from pot
G.HANSEN333: doesn't show hand 
4ikkiBamBoni leaves the table
mironchikvld leaves the table
*** SUMMARY ***
Total pot $1 | Rake $0 
Seat 1: 4ikkiBamBoni
Seat 6: mironchikvld
Seat 2: G.HANSEN333 (big blind) collected ($1)
Seat 5: B1GBankroll (button) (small blind) folded before Flop



PokerStars Hand #254481164778:  Hold'em No Limit ($0.50/$1.00 USD) - 2025/01/21 7:59:14 WET [2025/01/21 2:59:14 ET]
Table 'Sahade III' 6-max Seat #2 is the button
Seat 2: G.HANSEN333 ($101.68 in chips) 
Seat 5: B1GBankroll ($108.37 in chips) 
G.HANSEN333: posts small blind $0.50
B1GBankroll: posts big blind $1
*** HOLE CARDS ***
G.HANSEN333: raises $2 to $3
B1GBankroll: folds 
Uncalled bet ($2) returned to G.HANSEN333
G.HANSEN333 collected $2 from pot
G.HANSEN333: doesn't show hand 
*** SUMMARY ***
Total pot $2 | Rake $0 
Seat 2: G.HANSEN333 (button) (small blind) collected ($2)
Seat 5: B1GBankroll (big blind) folded before Flop



