PokerStars Hand #254488071406:  Hold'em No Limit ($0.50/$1.00 USD) - 2025/01/21 19:25:13 WET [2025/01/21 14:25:13 ET]
Table 'Walinskia IV' 6-max Seat #6 is the button
Seat 2: tukeiron ($112.50 in chips) 
Seat 3: michasia ($100 in chips) 
Seat 4: AIien Hand ($100 in chips) 
Seat 6: BoyLoc0 ($102.72 in chips) 
tukeiron: posts small blind $0.50
michasia: posts big blind $1
*** HOLE CARDS ***
AIien Hand: folds 
BoyLoc0: folds 
tukeiron: folds 
Uncalled bet ($0.50) returned to michasia
michasia collected $1 from pot
michasia: doesn't show hand 
*** SUMMARY ***
Total pot $1 | Rake $0 
Seat 2: tukeiron (small blind) folded before Flop
Seat 3: michasia (big blind) collected ($1)
Seat 4: AIien Hand folded before Flop (didn't bet)
Seat 6: BoyLoc0 (button) folded before Flop (didn't bet)



PokerStars Hand #254488076620:  Hold'em No Limit ($0.50/$1.00 USD) - 2025/01/21 19:25:30 WET [2025/01/21 14:25:30 ET]
Table 'Walinskia IV' 6-max Seat #2 is the button
Seat 2: tukeiron ($112 in chips) 
Seat 3: michasia ($100.50 in chips) 
Seat 4: AIien Hand ($100 in chips) 
Seat 6: BoyLoc0 ($102.72 in chips) 
michasia: posts small blind $0.50
AIien Hand: posts big blind $1
*** HOLE CARDS ***
BoyLoc0: raises $1.50 to $2.50
tukeiron: folds 
michasia: folds 
AIien Hand: calls $1.50
*** FLOP *** [3h 6c 3d]
AIien Hand: checks 
BoyLoc0: checks 
*** TURN *** [3h 6c 3d] [5h]
AIien Hand: checks 
BoyLoc0: checks 
*** RIVER *** [3h 6c 3d 5h] [4h]
AIien Hand: checks 
BoyLoc0: checks 
*** SHOW DOWN ***
AIien Hand: shows [Ah 8d] (a pair of Threes)
BoyLoc0: shows [As Td] (a pair of Threes - Ace+Ten kicker)
BoyLoc0 collected $5.22 from pot
*** SUMMARY ***
Total pot $5.50 | Rake $0.28 
Board [3h 6c 3d 5h 4h]
Seat 2: tukeiron (button) folded before Flop (didn't bet)
Seat 3: michasia (small blind) folded before Flop
Seat 4: AIien Hand (big blind) showed [Ah 8d] and lost with a pair of Threes
Seat 6: BoyLoc0 showed [As Td] and won ($5.22) with a pair of Threes



PokerStars Hand #254488088345:  Hold'em No Limit ($0.50/$1.00 USD) - 2025/01/21 19:26:10 WET [2025/01/21 14:26:10 ET]
Table 'Walinskia IV' 6-max Seat #3 is the button
Seat 2: tukeiron ($112 in chips) 
Seat 3: michasia ($100 in chips) 
Seat 4: AIien Hand ($100 in chips) 
Seat 6: BoyLoc0 ($105.44 in chips) 
AIien Hand: posts small blind $0.50
BoyLoc0: posts big blind $1
*** HOLE CARDS ***
tukeiron: raises $1.50 to $2.50
michasia: folds 
AIien Hand: folds 
BoyLoc0: calls $1.50
*** FLOP *** [Kh 7d 2h]
BoyLoc0: checks 
tukeiron: checks 
*** TURN *** [Kh 7d 2h] [4d]
BoyLoc0: checks 
tukeiron: checks 
*** RIVER *** [Kh 7d 2h 4d] [Tc]
BoyLoc0: checks 
tukeiron: bets $1.31
BoyLoc0: folds 
Uncalled bet ($1.31) returned to tukeiron
tukeiron collected $5.22 from pot
*** SUMMARY ***
Total pot $5.50 | Rake $0.28 
Board [Kh 7d 2h 4d Tc]
Seat 2: tukeiron collected ($5.22)
Seat 3: michasia (button) folded before Flop (didn't bet)
Seat 4: AIien Hand (small blind) folded before Flop
Seat 6: BoyLoc0 (big blind) folded on the River



PokerStars Hand #254488110788:  Hold'em No Limit ($0.50/$1.00 USD) - 2025/01/21 19:27:25 WET [2025/01/21 14:27:25 ET]
Table 'Walinskia IV' 6-max Seat #4 is the button
Seat 2: tukeiron ($114.72 in chips) 
Seat 3: michasia ($100 in chips) 
Seat 4: AIien Hand ($100 in chips) 
Seat 6: BoyLoc0 ($102.94 in chips) 
BoyLoc0: posts small blind $0.50
tukeiron: posts big blind $1
*** HOLE CARDS ***
michasia: folds 
AIien Hand: folds 
BoyLoc0: raises $2 to $3
tukeiron: folds 
Uncalled bet ($2) returned to BoyLoc0
BoyLoc0 collected $2 from pot
BoyLoc0: doesn't show hand 
*** SUMMARY ***
Total pot $2 | Rake $0 
Seat 2: tukeiron (big blind) folded before Flop
Seat 3: michasia folded before Flop (didn't bet)
Seat 4: AIien Hand (button) folded before Flop (didn't bet)
Seat 6: BoyLoc0 (small blind) collected ($2)



PokerStars Hand #254488116699:  Hold'em No Limit ($0.50/$1.00 USD) - 2025/01/21 19:27:45 WET [2025/01/21 14:27:45 ET]
Table 'Walinskia IV' 6-max Seat #6 is the button
Seat 2: tukeiron ($113.72 in chips) 
Seat 3: michasia ($100 in chips) 
Seat 4: AIien Hand ($100 in chips) 
Seat 6: BoyLoc0 ($103.94 in chips) 
tukeiron: posts small blind $0.50
michasia: posts big blind $1
*** HOLE CARDS ***
AIien Hand: raises $1.20 to $2.20
BoyLoc0: folds 
tukeiron: folds 
michasia: calls $1.20
*** FLOP *** [Kd 3c 9h]
Joker007r joins the table at seat #1 
Haalleluja joins the table at seat #5 
Haalleluja is disconnected 
michasia: checks 
AIien Hand: bets $1.40
michasia: raises $6.60 to $8
AIien Hand: folds 
Uncalled bet ($6.60) returned to michasia
michasia collected $7.32 from pot
michasia: doesn't show hand 
*** SUMMARY ***
Total pot $7.70 | Rake $0.38 
Board [Kd 3c 9h]
Seat 2: tukeiron (small blind) folded before Flop
Seat 3: michasia (big blind) collected ($7.32)
Seat 4: AIien Hand folded on the Flop
Seat 6: BoyLoc0 (button) folded before Flop (didn't bet)



PokerStars Hand #254488128811:  Hold'em No Limit ($0.50/$1.00 USD) - 2025/01/21 19:28:25 WET [2025/01/21 14:28:25 ET]
Table 'Walinskia IV' 6-max Seat #2 is the button
Seat 1: Joker007r ($100 in chips) is sitting out
Seat 4: AIien Hand ($100 in chips) is sitting out
Seat 2: tukeiron ($113.22 in chips) 
Seat 3: michasia ($103.72 in chips) 
Seat 5: Haalleluja ($100 in chips) 
Seat 6: BoyLoc0 ($103.94 in chips) 
michasia: posts small blind $0.50
AIien Hand: is sitting out 
Haalleluja: posts big blind $1
Joker007r: sits out 
*** HOLE CARDS ***
BoyLoc0: folds 
AIien Hand leaves the table
tukeiron: raises $1.50 to $2.50
Rablenco joins the table at seat #4 
michasia: folds 
Haalleluja: folds 
Uncalled bet ($1.50) returned to tukeiron
tukeiron collected $2.50 from pot
*** SUMMARY ***
Total pot $2.50 | Rake $0 
Seat 1: Joker007r
Seat 4: AIien Hand
Seat 2: tukeiron (button) collected ($2.50)
Seat 3: michasia (small blind) folded before Flop
Seat 5: Haalleluja (big blind) folded before Flop
Seat 6: BoyLoc0 folded before Flop (didn't bet)



PokerStars Hand #254488140103:  Hold'em No Limit ($0.50/$1.00 USD) - 2025/01/21 19:29:03 WET [2025/01/21 14:29:03 ET]
Table 'Walinskia IV' 6-max Seat #3 is the button
Seat 1: Joker007r ($100 in chips) is sitting out
Seat 4: Rablenco ($100 in chips) is sitting out
Seat 2: tukeiron ($114.72 in chips) 
Seat 3: michasia ($103.22 in chips) 
Seat 5: Haalleluja ($99 in chips) 
Seat 6: BoyLoc0 ($103.94 in chips) 
Haalleluja: posts small blind $0.50
BoyLoc0: posts big blind $1
Joker007r: sits out 
*** HOLE CARDS ***
tukeiron: raises $1.50 to $2.50
michasia: folds 
Haalleluja: folds 
BoyLoc0: calls $1.50
*** FLOP *** [Qc 8c 3d]
BoyLoc0: checks 
tukeiron: bets $2.50
BoyLoc0: folds 
Uncalled bet ($2.50) returned to tukeiron
tukeiron collected $5.22 from pot
*** SUMMARY ***
Total pot $5.50 | Rake $0.28 
Board [Qc 8c 3d]
Seat 1: Joker007r
Seat 4: Rablenco
Seat 2: tukeiron collected ($5.22)
Seat 3: michasia (button) folded before Flop (didn't bet)
Seat 5: Haalleluja (small blind) folded before Flop
Seat 6: BoyLoc0 (big blind) folded on the Flop



PokerStars Hand #254488152245:  Hold'em No Limit ($0.50/$1.00 USD) - 2025/01/21 19:29:43 WET [2025/01/21 14:29:43 ET]
Table 'Walinskia IV' 6-max Seat #5 is the button
Seat 4: Rablenco ($100 in chips) is sitting out
Seat 1: Joker007r ($100 in chips) 
Seat 2: tukeiron ($117.44 in chips) 
Seat 3: michasia ($103.22 in chips) 
Seat 5: Haalleluja ($98.50 in chips) 
Seat 6: BoyLoc0 ($101.44 in chips) 
BoyLoc0: posts small blind $0.50
Joker007r: posts big blind $1
Rablenco: sits out 
*** HOLE CARDS ***
tukeiron: folds 
michasia: folds 
Haalleluja: folds 
BoyLoc0: raises $2 to $3
Joker007r: folds 
Uncalled bet ($2) returned to BoyLoc0
BoyLoc0 collected $2 from pot
BoyLoc0: doesn't show hand 
*** SUMMARY ***
Total pot $2 | Rake $0 
Seat 4: Rablenco
Seat 1: Joker007r (big blind) folded before Flop
Seat 2: tukeiron folded before Flop (didn't bet)
Seat 3: michasia folded before Flop (didn't bet)
Seat 5: Haalleluja (button) folded before Flop (didn't bet)
Seat 6: BoyLoc0 (small blind) collected ($2)



PokerStars Hand #254488157476:  Hold'em No Limit ($0.50/$1.00 USD) - 2025/01/21 19:30:00 WET [2025/01/21 14:30:00 ET]
Table 'Walinskia IV' 6-max Seat #6 is the button
Seat 4: Rablenco ($100 in chips) is sitting out
Seat 1: Joker007r ($100 in chips) 
Seat 2: tukeiron ($117.44 in chips) 
Seat 3: michasia ($103.22 in chips) 
Seat 5: Haalleluja ($98.50 in chips) 
Seat 6: BoyLoc0 ($102.44 in chips) 
Joker007r: posts small blind $0.50
tukeiron: posts big blind $1
Rablenco: sits out 
*** HOLE CARDS ***
michasia: folds 
Haalleluja: folds 
BoyLoc0: raises $1.50 to $2.50
Joker007r: folds 
tukeiron: folds 
Uncalled bet ($1.50) returned to BoyLoc0
BoyLoc0 collected $2.50 from pot
BoyLoc0: doesn't show hand 
*** SUMMARY ***
Total pot $2.50 | Rake $0 
Seat 4: Rablenco
Seat 1: Joker007r (small blind) folded before Flop
Seat 2: tukeiron (big blind) folded before Flop
Seat 3: michasia folded before Flop (didn't bet)
Seat 5: Haalleluja folded before Flop (didn't bet)
Seat 6: BoyLoc0 (button) collected ($2.50)



PokerStars Hand #254488161184:  Hold'em No Limit ($0.50/$1.00 USD) - 2025/01/21 19:30:12 WET [2025/01/21 14:30:12 ET]
Table 'Walinskia IV' 6-max Seat #1 is the button
Seat 4: Rablenco ($100 in chips) is sitting out
Seat 1: Joker007r ($100 in chips) 
Seat 2: tukeiron ($116.44 in chips) 
Seat 3: michasia ($103.22 in chips) 
Seat 5: Haalleluja ($98.50 in chips) 
Seat 6: BoyLoc0 ($103.94 in chips) 
tukeiron: posts small blind $0.50
michasia: posts big blind $1
Rablenco: sits out 
*** HOLE CARDS ***
Haalleluja: raises $1 to $2
BoyLoc0: folds 
Joker007r: folds 
tukeiron: folds 
michasia: calls $1
*** FLOP *** [6h 3s Qs]
michasia: checks 
Haalleluja: bets $2.14
michasia: folds 
Uncalled bet ($2.14) returned to Haalleluja
Haalleluja collected $4.28 from pot
*** SUMMARY ***
Total pot $4.50 | Rake $0.22 
Board [6h 3s Qs]
Seat 4: Rablenco
Seat 1: Joker007r (button) folded before Flop (didn't bet)
Seat 2: tukeiron (small blind) folded before Flop
Seat 3: michasia (big blind) folded on the Flop
Seat 5: Haalleluja collected ($4.28)
Seat 6: BoyLoc0 folded before Flop (didn't bet)



PokerStars Hand #254488167577:  Hold'em No Limit ($0.50/$1.00 USD) - 2025/01/21 19:30:33 WET [2025/01/21 14:30:33 ET]
Table 'Walinskia IV' 6-max Seat #2 is the button
Seat 1: Joker007r ($100 in chips) 
Seat 2: tukeiron ($115.94 in chips) 
Seat 3: michasia ($101.22 in chips) 
Seat 4: Rablenco ($100 in chips) 
Seat 5: Haalleluja ($100.78 in chips) 
Seat 6: BoyLoc0 ($103.94 in chips) 
michasia: posts small blind $0.50
Rablenco: posts big blind $1
*** HOLE CARDS ***
Haalleluja: folds 
BoyLoc0: folds 
Joker007r: folds 
tukeiron: folds 
michasia: folds 
Uncalled bet ($0.50) returned to Rablenco
Rablenco collected $1 from pot
Rablenco: doesn't show hand 
*** SUMMARY ***
Total pot $1 | Rake $0 
Seat 1: Joker007r folded before Flop (didn't bet)
Seat 2: tukeiron (button) folded before Flop (didn't bet)
Seat 3: michasia (small blind) folded before Flop
Seat 4: Rablenco (big blind) collected ($1)
Seat 5: Haalleluja folded before Flop (didn't bet)
Seat 6: BoyLoc0 folded before Flop (didn't bet)



PokerStars Hand #254488173922:  Hold'em No Limit ($0.50/$1.00 USD) - 2025/01/21 19:30:54 WET [2025/01/21 14:30:54 ET]
Table 'Walinskia IV' 6-max Seat #3 is the button
Seat 1: Joker007r ($100 in chips) 
Seat 2: tukeiron ($115.94 in chips) 
Seat 3: michasia ($100.72 in chips) 
Seat 4: Rablenco ($100.50 in chips) 
Seat 5: Haalleluja ($100.78 in chips) 
Seat 6: BoyLoc0 ($103.94 in chips) 
Rablenco: posts small blind $0.50
Haalleluja: posts big blind $1
*** HOLE CARDS ***
BoyLoc0: folds 
Joker007r: raises $2 to $3
tukeiron: folds 
michasia: folds 
Rablenco: folds 
Haalleluja: folds 
Uncalled bet ($2) returned to Joker007r
Joker007r collected $2.50 from pot
Joker007r: doesn't show hand 
*** SUMMARY ***
Total pot $2.50 | Rake $0 
Seat 1: Joker007r collected ($2.50)
Seat 2: tukeiron folded before Flop (didn't bet)
Seat 3: michasia (button) folded before Flop (didn't bet)
Seat 4: Rablenco (small blind) folded before Flop
Seat 5: Haalleluja (big blind) folded before Flop
Seat 6: BoyLoc0 folded before Flop (didn't bet)



PokerStars Hand #254488180990:  Hold'em No Limit ($0.50/$1.00 USD) - 2025/01/21 19:31:18 WET [2025/01/21 14:31:18 ET]
Table 'Walinskia IV' 6-max Seat #4 is the button
Seat 1: Joker007r ($101.50 in chips) 
Seat 2: tukeiron ($115.94 in chips) 
Seat 3: michasia ($100.72 in chips) 
Seat 4: Rablenco ($100 in chips) 
Seat 5: Haalleluja ($99.78 in chips) 
Seat 6: BoyLoc0 ($103.94 in chips) 
Haalleluja: posts small blind $0.50
BoyLoc0: posts big blind $1
*** HOLE CARDS ***
Joker007r: raises $2 to $3
tukeiron: folds 
michasia: raises $6 to $9
Rablenco: folds 
Haalleluja: calls $8.50
BoyLoc0: folds 
Joker007r: folds 
*** FLOP *** [5h 3s 8h]
Haalleluja: checks 
michasia: bets $13.93
Haalleluja: calls $13.93
*** TURN *** [5h 3s 8h] [8s]
Haalleluja: checks 
michasia: bets $77.79 and is all-in
Haalleluja: folds 
Uncalled bet ($77.79) returned to michasia
michasia collected $47.37 from pot
michasia: doesn't show hand 
*** SUMMARY ***
Total pot $49.86 | Rake $2.49 
Board [5h 3s 8h 8s]
Seat 1: Joker007r folded before Flop
Seat 2: tukeiron folded before Flop (didn't bet)
Seat 3: michasia collected ($47.37)
Seat 4: Rablenco (button) folded before Flop (didn't bet)
Seat 5: Haalleluja (small blind) folded on the Turn
Seat 6: BoyLoc0 (big blind) folded before Flop



PokerStars Hand #254488196764:  Hold'em No Limit ($0.50/$1.00 USD) - 2025/01/21 19:32:10 WET [2025/01/21 14:32:10 ET]
Table 'Walinskia IV' 6-max Seat #5 is the button
Seat 1: Joker007r ($100 in chips) 
Seat 2: tukeiron ($115.94 in chips) 
Seat 3: michasia ($125.16 in chips) 
Seat 4: Rablenco ($100 in chips) 
Seat 5: Haalleluja ($76.85 in chips) 
Seat 6: BoyLoc0 ($102.94 in chips) 
BoyLoc0: posts small blind $0.50
Joker007r: posts big blind $1
*** HOLE CARDS ***
tukeiron: folds 
michasia: folds 
Rablenco: raises $1.30 to $2.30
Haalleluja: calls $2.30
BoyLoc0: folds 
Joker007r: folds 
*** FLOP *** [8h 2s Tc]
Rablenco: bets $1.91
Haalleluja: calls $1.91
*** TURN *** [8h 2s Tc] [4c]
Rablenco: bets $4.71
Haalleluja: calls $4.71
*** RIVER *** [8h 2s Tc 4c] [4d]
Rablenco: bets $9.19
Haalleluja: calls $9.19
*** SHOW DOWN ***
Rablenco: shows [Ks Ts] (two pair, Tens and Fours)
Haalleluja: mucks hand 
Rablenco collected $35.83 from pot
*** SUMMARY ***
Total pot $37.72 | Rake $1.89 
Board [8h 2s Tc 4c 4d]
Seat 1: Joker007r (big blind) folded before Flop
Seat 2: tukeiron folded before Flop (didn't bet)
Seat 3: michasia folded before Flop (didn't bet)
Seat 4: Rablenco showed [Ks Ts] and won ($35.83) with two pair, Tens and Fours
Seat 5: Haalleluja (button) mucked
Seat 6: BoyLoc0 (small blind) folded before Flop



PokerStars Hand #254488211456:  Hold'em No Limit ($0.50/$1.00 USD) - 2025/01/21 19:32:58 WET [2025/01/21 14:32:58 ET]
Table 'Walinskia IV' 6-max Seat #6 is the button
Seat 1: Joker007r ($100 in chips) 
Seat 2: tukeiron ($115.94 in chips) 
Seat 3: michasia ($125.16 in chips) 
Seat 4: Rablenco ($117.72 in chips) 
Seat 5: Haalleluja ($58.74 in chips) 
Seat 6: BoyLoc0 ($102.44 in chips) 
Joker007r: posts small blind $0.50
tukeiron: posts big blind $1
*** HOLE CARDS ***
michasia: folds 
Rablenco: folds 
Haalleluja: folds 
BoyLoc0: folds 
Joker007r: folds 
Uncalled bet ($0.50) returned to tukeiron
tukeiron collected $1 from pot
*** SUMMARY ***
Total pot $1 | Rake $0 
Seat 1: Joker007r (small blind) folded before Flop
Seat 2: tukeiron (big blind) collected ($1)
Seat 3: michasia folded before Flop (didn't bet)
Seat 4: Rablenco folded before Flop (didn't bet)
Seat 5: Haalleluja folded before Flop (didn't bet)
Seat 6: BoyLoc0 (button) folded before Flop (didn't bet)



PokerStars Hand #254488215257:  Hold'em No Limit ($0.50/$1.00 USD) - 2025/01/21 19:33:10 WET [2025/01/21 14:33:10 ET]
Table 'Walinskia IV' 6-max Seat #1 is the button
Seat 1: Joker007r ($100 in chips) 
Seat 2: tukeiron ($116.44 in chips) 
Seat 3: michasia ($125.16 in chips) 
Seat 4: Rablenco ($117.72 in chips) 
Seat 5: Haalleluja ($58.74 in chips) 
Seat 6: BoyLoc0 ($102.44 in chips) 
tukeiron: posts small blind $0.50
michasia: posts big blind $1
*** HOLE CARDS ***
Rablenco: raises $1 to $2
Haalleluja: folds 
BoyLoc0: folds 
Joker007r: folds 
tukeiron: folds 
michasia: folds 
Uncalled bet ($1) returned to Rablenco
Rablenco collected $2.50 from pot
Rablenco: doesn't show hand 
*** SUMMARY ***
Total pot $2.50 | Rake $0 
Seat 1: Joker007r (button) folded before Flop (didn't bet)
Seat 2: tukeiron (small blind) folded before Flop
Seat 3: michasia (big blind) folded before Flop
Seat 4: Rablenco collected ($2.50)
Seat 5: Haalleluja folded before Flop (didn't bet)
Seat 6: BoyLoc0 folded before Flop (didn't bet)



PokerStars Hand #254488219613:  Hold'em No Limit ($0.50/$1.00 USD) - 2025/01/21 19:33:25 WET [2025/01/21 14:33:25 ET]
Table 'Walinskia IV' 6-max Seat #2 is the button
Seat 1: Joker007r ($100 in chips) 
Seat 2: tukeiron ($115.94 in chips) 
Seat 3: michasia ($124.16 in chips) 
Seat 4: Rablenco ($119.22 in chips) 
Seat 5: Haalleluja ($58.74 in chips) 
Seat 6: BoyLoc0 ($102.44 in chips) 
michasia: posts small blind $0.50
Rablenco: posts big blind $1
*** HOLE CARDS ***
Haalleluja: raises $1 to $2
BoyLoc0: folds 
Joker007r: raises $4 to $6
tukeiron: raises $14 to $20
michasia: folds 
Rablenco: folds 
Haalleluja: folds 
Joker007r: folds 
Uncalled bet ($14) returned to tukeiron
tukeiron collected $15.50 from pot
*** SUMMARY ***
Total pot $15.50 | Rake $0 
Seat 1: Joker007r folded before Flop
Seat 2: tukeiron (button) collected ($15.50)
Seat 3: michasia (small blind) folded before Flop
Seat 4: Rablenco (big blind) folded before Flop
Seat 5: Haalleluja folded before Flop
Seat 6: BoyLoc0 folded before Flop (didn't bet)



PokerStars Hand #254488228051:  Hold'em No Limit ($0.50/$1.00 USD) - 2025/01/21 19:33:53 WET [2025/01/21 14:33:53 ET]
Table 'Walinskia IV' 6-max Seat #3 is the button
Seat 1: Joker007r ($100 in chips) 
Seat 2: tukeiron ($125.44 in chips) 
Seat 3: michasia ($123.66 in chips) 
Seat 4: Rablenco ($118.22 in chips) 
Seat 5: Haalleluja ($56.74 in chips) 
Seat 6: BoyLoc0 ($102.44 in chips) 
Rablenco: posts small blind $0.50
Haalleluja: posts big blind $1
*** HOLE CARDS ***
BoyLoc0: folds 
Joker007r: folds 
tukeiron: raises $1.50 to $2.50
michasia: folds 
Rablenco: folds 
Haalleluja: folds 
Uncalled bet ($1.50) returned to tukeiron
tukeiron collected $2.50 from pot
*** SUMMARY ***
Total pot $2.50 | Rake $0 
Seat 1: Joker007r folded before Flop (didn't bet)
Seat 2: tukeiron collected ($2.50)
Seat 3: michasia (button) folded before Flop (didn't bet)
Seat 4: Rablenco (small blind) folded before Flop
Seat 5: Haalleluja (big blind) folded before Flop
Seat 6: BoyLoc0 folded before Flop (didn't bet)



PokerStars Hand #254488232970:  Hold'em No Limit ($0.50/$1.00 USD) - 2025/01/21 19:34:09 WET [2025/01/21 14:34:09 ET]
Table 'Walinskia IV' 6-max Seat #4 is the button
Seat 1: Joker007r ($100 in chips) 
Seat 2: tukeiron ($126.94 in chips) 
Seat 3: michasia ($123.66 in chips) 
Seat 4: Rablenco ($117.72 in chips) 
Seat 5: Haalleluja ($55.74 in chips) 
Seat 6: BoyLoc0 ($102.44 in chips) 
Haalleluja: posts small blind $0.50
BoyLoc0: posts big blind $1
*** HOLE CARDS ***
Joker007r: folds 
tukeiron: folds 
michasia: folds 
Rablenco: raises $1.50 to $2.50
Haalleluja: folds 
BoyLoc0: folds 
Uncalled bet ($1.50) returned to Rablenco
Rablenco collected $2.50 from pot
Rablenco: doesn't show hand 
*** SUMMARY ***
Total pot $2.50 | Rake $0 
Seat 1: Joker007r folded before Flop (didn't bet)
Seat 2: tukeiron folded before Flop (didn't bet)
Seat 3: michasia folded before Flop (didn't bet)
Seat 4: Rablenco (button) collected ($2.50)
Seat 5: Haalleluja (small blind) folded before Flop
Seat 6: BoyLoc0 (big blind) folded before Flop



PokerStars Hand #254488240198:  Hold'em No Limit ($0.50/$1.00 USD) - 2025/01/21 19:34:32 WET [2025/01/21 14:34:32 ET]
Table 'Walinskia IV' 6-max Seat #5 is the button
Seat 1: Joker007r ($100 in chips) 
Seat 2: tukeiron ($126.94 in chips) 
Seat 3: michasia ($123.66 in chips) 
Seat 4: Rablenco ($119.22 in chips) 
Seat 5: Haalleluja ($55.24 in chips) 
Seat 6: BoyLoc0 ($101.44 in chips) 
BoyLoc0: posts small blind $0.50
Joker007r: posts big blind $1
*** HOLE CARDS ***
tukeiron: folds 
michasia: folds 
Rablenco: folds 
Haalleluja: raises $2 to $3
BoyLoc0: folds 
Joker007r: folds 
Uncalled bet ($2) returned to Haalleluja
Haalleluja collected $2.50 from pot
*** SUMMARY ***
Total pot $2.50 | Rake $0 
Seat 1: Joker007r (big blind) folded before Flop
Seat 2: tukeiron folded before Flop (didn't bet)
Seat 3: michasia folded before Flop (didn't bet)
Seat 4: Rablenco folded before Flop (didn't bet)
Seat 5: Haalleluja (button) collected ($2.50)
Seat 6: BoyLoc0 (small blind) folded before Flop



PokerStars Hand #254488247153:  Hold'em No Limit ($0.50/$1.00 USD) - 2025/01/21 19:34:55 WET [2025/01/21 14:34:55 ET]
Table 'Walinskia IV' 6-max Seat #6 is the button
Seat 1: Joker007r ($100 in chips) 
Seat 2: tukeiron ($126.94 in chips) 
Seat 3: michasia ($123.66 in chips) 
Seat 4: Rablenco ($119.22 in chips) 
Seat 5: Haalleluja ($56.74 in chips) 
Seat 6: BoyLoc0 ($100.94 in chips) 
Joker007r: posts small blind $0.50
tukeiron: posts big blind $1
*** HOLE CARDS ***
michasia: folds 
Rablenco: folds 
Haalleluja: raises $1.50 to $2.50
BoyLoc0: folds 
Joker007r: folds 
tukeiron: folds 
Uncalled bet ($1.50) returned to Haalleluja
Haalleluja collected $2.50 from pot
*** SUMMARY ***
Total pot $2.50 | Rake $0 
Seat 1: Joker007r (small blind) folded before Flop
Seat 2: tukeiron (big blind) folded before Flop
Seat 3: michasia folded before Flop (didn't bet)
Seat 4: Rablenco folded before Flop (didn't bet)
Seat 5: Haalleluja collected ($2.50)
Seat 6: BoyLoc0 (button) folded before Flop (didn't bet)



PokerStars Hand #254488255675:  Hold'em No Limit ($0.50/$1.00 USD) - 2025/01/21 19:35:23 WET [2025/01/21 14:35:23 ET]
Table 'Walinskia IV' 6-max Seat #1 is the button
Seat 1: Joker007r ($100 in chips) 
Seat 2: tukeiron ($125.94 in chips) 
Seat 3: michasia ($123.66 in chips) 
Seat 4: Rablenco ($119.22 in chips) 
Seat 5: Haalleluja ($58.24 in chips) 
Seat 6: BoyLoc0 ($100.94 in chips) 
tukeiron: posts small blind $0.50
michasia: posts big blind $1
*** HOLE CARDS ***
Rablenco: folds 
Haalleluja: folds 
BoyLoc0: folds 
Joker007r: folds 
tukeiron: folds 
Uncalled bet ($0.50) returned to michasia
michasia collected $1 from pot
michasia: doesn't show hand 
*** SUMMARY ***
Total pot $1 | Rake $0 
Seat 1: Joker007r (button) folded before Flop (didn't bet)
Seat 2: tukeiron (small blind) folded before Flop
Seat 3: michasia (big blind) collected ($1)
Seat 4: Rablenco folded before Flop (didn't bet)
Seat 5: Haalleluja folded before Flop (didn't bet)
Seat 6: BoyLoc0 folded before Flop (didn't bet)



PokerStars Hand #254488259919:  Hold'em No Limit ($0.50/$1.00 USD) - 2025/01/21 19:35:37 WET [2025/01/21 14:35:37 ET]
Table 'Walinskia IV' 6-max Seat #2 is the button
Seat 1: Joker007r ($100 in chips) 
Seat 2: tukeiron ($125.44 in chips) 
Seat 3: michasia ($124.16 in chips) 
Seat 4: Rablenco ($119.22 in chips) 
Seat 5: Haalleluja ($58.24 in chips) 
Seat 6: BoyLoc0 ($100.94 in chips) 
michasia: posts small blind $0.50
Rablenco: posts big blind $1
*** HOLE CARDS ***
Haalleluja: folds 
BoyLoc0: folds 
Joker007r: folds 
tukeiron: folds 
michasia: raises $2 to $3
Rablenco: raises $7 to $10
michasia: folds 
Uncalled bet ($7) returned to Rablenco
Rablenco collected $6 from pot
Rablenco: doesn't show hand 
*** SUMMARY ***
Total pot $6 | Rake $0 
Seat 1: Joker007r folded before Flop (didn't bet)
Seat 2: tukeiron (button) folded before Flop (didn't bet)
Seat 3: michasia (small blind) folded before Flop
Seat 4: Rablenco (big blind) collected ($6)
Seat 5: Haalleluja folded before Flop (didn't bet)
Seat 6: BoyLoc0 folded before Flop (didn't bet)



PokerStars Hand #254488270364:  Hold'em No Limit ($0.50/$1.00 USD) - 2025/01/21 19:36:11 WET [2025/01/21 14:36:11 ET]
Table 'Walinskia IV' 6-max Seat #3 is the button
Seat 1: Joker007r ($100 in chips) 
Seat 2: tukeiron ($125.44 in chips) 
Seat 3: michasia ($121.16 in chips) 
Seat 4: Rablenco ($122.22 in chips) 
Seat 5: Haalleluja ($58.24 in chips) 
Seat 6: BoyLoc0 ($100.94 in chips) 
Rablenco: posts small blind $0.50
Haalleluja: posts big blind $1
*** HOLE CARDS ***
BoyLoc0: folds 
Joker007r: raises $1.38 to $2.38
tukeiron: raises $5.12 to $7.50
michasia: folds 
Rablenco: folds 
Haalleluja: folds 
Joker007r: folds 
Uncalled bet ($5.12) returned to tukeiron
tukeiron collected $6.26 from pot
*** SUMMARY ***
Total pot $6.26 | Rake $0 
Seat 1: Joker007r folded before Flop
Seat 2: tukeiron collected ($6.26)
Seat 3: michasia (button) folded before Flop (didn't bet)
Seat 4: Rablenco (small blind) folded before Flop
Seat 5: Haalleluja (big blind) folded before Flop
Seat 6: BoyLoc0 folded before Flop (didn't bet)



PokerStars Hand #254488279171:  Hold'em No Limit ($0.50/$1.00 USD) - 2025/01/21 19:36:40 WET [2025/01/21 14:36:40 ET]
Table 'Walinskia IV' 6-max Seat #4 is the button
Seat 1: Joker007r ($100 in chips) 
Seat 2: tukeiron ($129.32 in chips) 
Seat 3: michasia ($121.16 in chips) 
Seat 4: Rablenco ($121.72 in chips) 
Seat 5: Haalleluja ($57.24 in chips) 
Seat 6: BoyLoc0 ($100.94 in chips) 
Haalleluja: posts small blind $0.50
BoyLoc0: posts big blind $1
*** HOLE CARDS ***
Joker007r: raises $2 to $3
tukeiron: folds 
michasia: folds 
Rablenco: folds 
Haalleluja: folds 
BoyLoc0: folds 
Uncalled bet ($2) returned to Joker007r
Joker007r collected $2.50 from pot
Joker007r: doesn't show hand 
*** SUMMARY ***
Total pot $2.50 | Rake $0 
Seat 1: Joker007r collected ($2.50)
Seat 2: tukeiron folded before Flop (didn't bet)
Seat 3: michasia folded before Flop (didn't bet)
Seat 4: Rablenco (button) folded before Flop (didn't bet)
Seat 5: Haalleluja (small blind) folded before Flop
Seat 6: BoyLoc0 (big blind) folded before Flop



PokerStars Hand #254488283501:  Hold'em No Limit ($0.50/$1.00 USD) - 2025/01/21 19:36:54 WET [2025/01/21 14:36:54 ET]
Table 'Walinskia IV' 6-max Seat #5 is the button
Seat 1: Joker007r ($101.50 in chips) 
Seat 2: tukeiron ($129.32 in chips) 
Seat 3: michasia ($121.16 in chips) 
Seat 4: Rablenco ($121.72 in chips) 
Seat 5: Haalleluja ($56.74 in chips) 
Seat 6: BoyLoc0 ($100 in chips) 
BoyLoc0: posts small blind $0.50
Joker007r: posts big blind $1
*** HOLE CARDS ***
tukeiron: folds 
michasia: folds 
Rablenco: folds 
Haalleluja: folds 
BoyLoc0: folds 
Uncalled bet ($0.50) returned to Joker007r
Joker007r collected $1 from pot
Joker007r: doesn't show hand 
*** SUMMARY ***
Total pot $1 | Rake $0 
Seat 1: Joker007r (big blind) collected ($1)
Seat 2: tukeiron folded before Flop (didn't bet)
Seat 3: michasia folded before Flop (didn't bet)
Seat 4: Rablenco folded before Flop (didn't bet)
Seat 5: Haalleluja (button) folded before Flop (didn't bet)
Seat 6: BoyLoc0 (small blind) folded before Flop



PokerStars Hand #254488285854:  Hold'em No Limit ($0.50/$1.00 USD) - 2025/01/21 19:37:02 WET [2025/01/21 14:37:02 ET]
Table 'Walinskia IV' 6-max Seat #6 is the button
Seat 1: Joker007r ($102 in chips) 
Seat 2: tukeiron ($129.32 in chips) 
Seat 3: michasia ($121.16 in chips) 
Seat 4: Rablenco ($121.72 in chips) 
Seat 5: Haalleluja ($56.74 in chips) 
Seat 6: BoyLoc0 ($100 in chips) 
Joker007r: posts small blind $0.50
tukeiron: posts big blind $1
*** HOLE CARDS ***
michasia: folds 
Rablenco: raises $1 to $2
Haalleluja: folds 
BoyLoc0: raises $5 to $7
Joker007r: folds 
tukeiron: folds 
Rablenco: raises $13 to $20
BoyLoc0: folds 
Uncalled bet ($13) returned to Rablenco
Rablenco collected $15.50 from pot
Rablenco: doesn't show hand 
*** SUMMARY ***
Total pot $15.50 | Rake $0 
Seat 1: Joker007r (small blind) folded before Flop
Seat 2: tukeiron (big blind) folded before Flop
Seat 3: michasia folded before Flop (didn't bet)
Seat 4: Rablenco collected ($15.50)
Seat 5: Haalleluja folded before Flop (didn't bet)
Seat 6: BoyLoc0 (button) folded before Flop



PokerStars Hand #254488294955:  Hold'em No Limit ($0.50/$1.00 USD) - 2025/01/21 19:37:32 WET [2025/01/21 14:37:32 ET]
Table 'Walinskia IV' 6-max Seat #1 is the button
Seat 1: Joker007r ($101.50 in chips) 
Seat 2: tukeiron ($128.32 in chips) 
Seat 3: michasia ($121.16 in chips) 
Seat 4: Rablenco ($130.22 in chips) 
Seat 5: Haalleluja ($100 in chips) 
Seat 6: BoyLoc0 ($100 in chips) 
tukeiron: posts small blind $0.50
michasia: posts big blind $1
*** HOLE CARDS ***
Rablenco: folds 
Haalleluja: folds 
BoyLoc0: raises $1.50 to $2.50
Joker007r: folds 
tukeiron: folds 
michasia: folds 
Uncalled bet ($1.50) returned to BoyLoc0
BoyLoc0 collected $2.50 from pot
BoyLoc0: doesn't show hand 
*** SUMMARY ***
Total pot $2.50 | Rake $0 
Seat 1: Joker007r (button) folded before Flop (didn't bet)
Seat 2: tukeiron (small blind) folded before Flop
Seat 3: michasia (big blind) folded before Flop
Seat 4: Rablenco folded before Flop (didn't bet)
Seat 5: Haalleluja folded before Flop (didn't bet)
Seat 6: BoyLoc0 collected ($2.50)



PokerStars Hand #254488301659:  Hold'em No Limit ($0.50/$1.00 USD) - 2025/01/21 19:37:55 WET [2025/01/21 14:37:55 ET]
Table 'Walinskia IV' 6-max Seat #2 is the button
Seat 1: Joker007r ($101.50 in chips) 
Seat 2: tukeiron ($127.82 in chips) 
Seat 3: michasia ($120.16 in chips) 
Seat 4: Rablenco ($130.22 in chips) 
Seat 5: Haalleluja ($100 in chips) 
Seat 6: BoyLoc0 ($101.50 in chips) 
michasia: posts small blind $0.50
Rablenco: posts big blind $1
*** HOLE CARDS ***
Haalleluja: folds 
BoyLoc0: raises $1.50 to $2.50
Joker007r: folds 
tukeiron: folds 
michasia: folds 
Rablenco: calls $1.50
*** FLOP *** [6c Kd Ad]
Rablenco: checks 
BoyLoc0: bets $3.92
Rablenco: calls $3.92
*** TURN *** [6c Kd Ad] [3s]
Rablenco: checks 
BoyLoc0: bets $19.01
Rablenco: folds 
Uncalled bet ($19.01) returned to BoyLoc0
BoyLoc0 collected $12.67 from pot
BoyLoc0: doesn't show hand 
*** SUMMARY ***
Total pot $13.34 | Rake $0.67 
Board [6c Kd Ad 3s]
Seat 1: Joker007r folded before Flop (didn't bet)
Seat 2: tukeiron (button) folded before Flop (didn't bet)
Seat 3: michasia (small blind) folded before Flop
Seat 4: Rablenco (big blind) folded on the Turn
Seat 5: Haalleluja folded before Flop (didn't bet)
Seat 6: BoyLoc0 collected ($12.67)



PokerStars Hand #254488326307:  Hold'em No Limit ($0.50/$1.00 USD) - 2025/01/21 19:39:17 WET [2025/01/21 14:39:17 ET]
Table 'Walinskia IV' 6-max Seat #3 is the button
Seat 1: Joker007r ($101.50 in chips) 
Seat 2: tukeiron ($127.82 in chips) 
Seat 3: michasia ($119.66 in chips) 
Seat 4: Rablenco ($123.80 in chips) 
Seat 5: Haalleluja ($100 in chips) 
Seat 6: BoyLoc0 ($107.75 in chips) 
Rablenco: posts small blind $0.50
Haalleluja: posts big blind $1
*** HOLE CARDS ***
BoyLoc0: folds 
Joker007r: folds 
tukeiron: folds 
michasia: raises $1.80 to $2.80
Rablenco: folds 
Haalleluja: folds 
Uncalled bet ($1.80) returned to michasia
michasia collected $2.50 from pot
michasia: doesn't show hand 
*** SUMMARY ***
Total pot $2.50 | Rake $0 
Seat 1: Joker007r folded before Flop (didn't bet)
Seat 2: tukeiron folded before Flop (didn't bet)
Seat 3: michasia (button) collected ($2.50)
Seat 4: Rablenco (small blind) folded before Flop
Seat 5: Haalleluja (big blind) folded before Flop
Seat 6: BoyLoc0 folded before Flop (didn't bet)



PokerStars Hand #254488331267:  Hold'em No Limit ($0.50/$1.00 USD) - 2025/01/21 19:39:33 WET [2025/01/21 14:39:33 ET]
Table 'Walinskia IV' 6-max Seat #4 is the button
Seat 1: Joker007r ($101.50 in chips) 
Seat 2: tukeiron ($127.82 in chips) 
Seat 3: michasia ($121.16 in chips) 
Seat 4: Rablenco ($123.30 in chips) 
Seat 5: Haalleluja ($99 in chips) 
Seat 6: BoyLoc0 ($107.75 in chips) 
Haalleluja: posts small blind $0.50
BoyLoc0: posts big blind $1
*** HOLE CARDS ***
Joker007r: raises $2 to $3
tukeiron: folds 
michasia: folds 
Rablenco: raises $6 to $9
Haalleluja: folds 
BoyLoc0: folds 
Joker007r: calls $6
*** FLOP *** [3d 7c 9h]
Joker007r: checks 
Rablenco: bets $13.89
Joker007r: calls $13.89
*** TURN *** [3d 7c 9h] [Ah]
Joker007r: checks 
Rablenco: checks 
*** RIVER *** [3d 7c 9h Ah] [Qs]
Joker007r: bets $44
Rablenco: folds 
Uncalled bet ($44) returned to Joker007r
Joker007r collected $44.92 from pot
Joker007r: doesn't show hand 
*** SUMMARY ***
Total pot $47.28 | Rake $2.36 
Board [3d 7c 9h Ah Qs]
Seat 1: Joker007r collected ($44.92)
Seat 2: tukeiron folded before Flop (didn't bet)
Seat 3: michasia folded before Flop (didn't bet)
Seat 4: Rablenco (button) folded on the River
Seat 5: Haalleluja (small blind) folded before Flop
Seat 6: BoyLoc0 (big blind) folded before Flop



PokerStars Hand #254488364301:  Hold'em No Limit ($0.50/$1.00 USD) - 2025/01/21 19:41:22 WET [2025/01/21 14:41:22 ET]
Table 'Walinskia IV' 6-max Seat #5 is the button
Seat 1: Joker007r ($123.53 in chips) 
Seat 2: tukeiron ($127.82 in chips) 
Seat 3: michasia ($121.16 in chips) 
Seat 4: Rablenco ($100.41 in chips) 
Seat 5: Haalleluja ($98.50 in chips) 
Seat 6: BoyLoc0 ($106.75 in chips) 
BoyLoc0: posts small blind $0.50
Joker007r: posts big blind $1
*** HOLE CARDS ***
tukeiron: folds 
michasia: folds 
Rablenco: folds 
Haalleluja: folds 
BoyLoc0: folds 
Uncalled bet ($0.50) returned to Joker007r
Joker007r collected $1 from pot
Joker007r: doesn't show hand 
*** SUMMARY ***
Total pot $1 | Rake $0 
Seat 1: Joker007r (big blind) collected ($1)
Seat 2: tukeiron folded before Flop (didn't bet)
Seat 3: michasia folded before Flop (didn't bet)
Seat 4: Rablenco folded before Flop (didn't bet)
Seat 5: Haalleluja (button) folded before Flop (didn't bet)
Seat 6: BoyLoc0 (small blind) folded before Flop



PokerStars Hand #254488366891:  Hold'em No Limit ($0.50/$1.00 USD) - 2025/01/21 19:41:31 WET [2025/01/21 14:41:31 ET]
Table 'Walinskia IV' 6-max Seat #6 is the button
Seat 3: michasia ($121.16 in chips) is sitting out
Seat 1: Joker007r ($124.03 in chips) 
Seat 2: tukeiron ($127.82 in chips) 
Seat 4: Rablenco ($100.41 in chips) 
Seat 5: Haalleluja ($98.50 in chips) 
Seat 6: BoyLoc0 ($106.25 in chips) 
Joker007r: posts small blind $0.50
tukeiron: posts big blind $1
*** HOLE CARDS ***
Rablenco: folds 
Haalleluja: folds 
BoyLoc0: folds 
Joker007r: raises $2 to $3
tukeiron: folds 
Uncalled bet ($2) returned to Joker007r
Joker007r collected $2 from pot
Joker007r: doesn't show hand 
*** SUMMARY ***
Total pot $2 | Rake $0 
Seat 3: michasia
Seat 1: Joker007r (small blind) collected ($2)
Seat 2: tukeiron (big blind) folded before Flop
Seat 4: Rablenco folded before Flop (didn't bet)
Seat 5: Haalleluja folded before Flop (didn't bet)
Seat 6: BoyLoc0 (button) folded before Flop (didn't bet)



PokerStars Hand #254488370744:  Hold'em No Limit ($0.50/$1.00 USD) - 2025/01/21 19:41:43 WET [2025/01/21 14:41:43 ET]
Table 'Walinskia IV' 6-max Seat #1 is the button
Seat 3: michasia ($121.16 in chips) is sitting out
Seat 4: Rablenco ($100.41 in chips) is sitting out
Seat 1: Joker007r ($125.03 in chips) 
Seat 2: tukeiron ($126.82 in chips) 
Seat 5: Haalleluja ($98.50 in chips) 
Seat 6: BoyLoc0 ($106.25 in chips) 
tukeiron: posts small blind $0.50
Rablenco: is sitting out 
Haalleluja: posts big blind $1
*** HOLE CARDS ***
BoyLoc0: folds 
Joker007r: folds 
tukeiron: raises $2 to $3
Haalleluja: folds 
Uncalled bet ($2) returned to tukeiron
tukeiron collected $2 from pot
*** SUMMARY ***
Total pot $2 | Rake $0 
Seat 3: michasia
Seat 4: Rablenco
Seat 1: Joker007r (button) folded before Flop (didn't bet)
Seat 2: tukeiron (small blind) collected ($2)
Seat 5: Haalleluja (big blind) folded before Flop
Seat 6: BoyLoc0 folded before Flop (didn't bet)



PokerStars Hand #254488374171:  Hold'em No Limit ($0.50/$1.00 USD) - 2025/01/21 19:41:55 WET [2025/01/21 14:41:55 ET]
Table 'Walinskia IV' 6-max Seat #2 is the button
Seat 3: michasia ($121.16 in chips) is sitting out
Seat 4: Rablenco ($100.41 in chips) is sitting out
Seat 1: Joker007r ($125.03 in chips) 
Seat 2: tukeiron ($127.82 in chips) 
Seat 5: Haalleluja ($97.50 in chips) 
Seat 6: BoyLoc0 ($106.25 in chips) 
Haalleluja: posts small blind $0.50
BoyLoc0: posts big blind $1
*** HOLE CARDS ***
Joker007r: folds 
tukeiron: raises $1.50 to $2.50
Haalleluja: folds 
BoyLoc0: folds 
Uncalled bet ($1.50) returned to tukeiron
tukeiron collected $2.50 from pot
*** SUMMARY ***
Total pot $2.50 | Rake $0 
Seat 3: michasia
Seat 4: Rablenco
Seat 1: Joker007r folded before Flop (didn't bet)
Seat 2: tukeiron (button) collected ($2.50)
Seat 5: Haalleluja (small blind) folded before Flop
Seat 6: BoyLoc0 (big blind) folded before Flop



PokerStars Hand #254488377768:  Hold'em No Limit ($0.50/$1.00 USD) - 2025/01/21 19:42:07 WET [2025/01/21 14:42:07 ET]
Table 'Walinskia IV' 6-max Seat #5 is the button
Seat 3: michasia ($121.16 in chips) is sitting out
Seat 4: Rablenco ($100.41 in chips) is sitting out
Seat 1: Joker007r ($125.03 in chips) 
Seat 2: tukeiron ($129.32 in chips) 
Seat 5: Haalleluja ($97 in chips) 
Seat 6: BoyLoc0 ($105.25 in chips) 
BoyLoc0: posts small blind $0.50
Joker007r: posts big blind $1
*** HOLE CARDS ***
tukeiron: folds 
Haalleluja: folds 
BoyLoc0: folds 
Uncalled bet ($0.50) returned to Joker007r
Joker007r collected $1 from pot
Joker007r: doesn't show hand 
*** SUMMARY ***
Total pot $1 | Rake $0 
Seat 3: michasia
Seat 4: Rablenco
Seat 1: Joker007r (big blind) collected ($1)
Seat 2: tukeiron folded before Flop (didn't bet)
Seat 5: Haalleluja (button) folded before Flop (didn't bet)
Seat 6: BoyLoc0 (small blind) folded before Flop



PokerStars Hand #254488380886:  Hold'em No Limit ($0.50/$1.00 USD) - 2025/01/21 19:42:17 WET [2025/01/21 14:42:17 ET]
Table 'Walinskia IV' 6-max Seat #6 is the button
Seat 3: michasia ($121.16 in chips) is sitting out
Seat 4: Rablenco ($100.41 in chips) is sitting out
Seat 1: Joker007r ($125.53 in chips) 
Seat 2: tukeiron ($129.32 in chips) 
Seat 5: Haalleluja ($97 in chips) 
Seat 6: BoyLoc0 ($104.75 in chips) 
Joker007r: posts small blind $0.50
tukeiron: posts big blind $1
*** HOLE CARDS ***
Haalleluja: raises $1 to $2
BoyLoc0: raises $5 to $7
Joker007r: folds 
tukeiron: folds 
Haalleluja: calls $5
*** FLOP *** [7s 9h 4s]
Haalleluja: checks 
BoyLoc0: bets $7.36
Haalleluja: folds 
Uncalled bet ($7.36) returned to BoyLoc0
BoyLoc0 collected $14.72 from pot
BoyLoc0: doesn't show hand 
*** SUMMARY ***
Total pot $15.50 | Rake $0.78 
Board [7s 9h 4s]
Seat 3: michasia
Seat 4: Rablenco
Seat 1: Joker007r (small blind) folded before Flop
Seat 2: tukeiron (big blind) folded before Flop
Seat 5: Haalleluja folded on the Flop
Seat 6: BoyLoc0 (button) collected ($14.72)



PokerStars Hand #254488389705:  Hold'em No Limit ($0.50/$1.00 USD) - 2025/01/21 19:42:46 WET [2025/01/21 14:42:46 ET]
Table 'Walinskia IV' 6-max Seat #1 is the button
Seat 3: michasia ($121.16 in chips) is sitting out
Seat 4: Rablenco ($100.41 in chips) is sitting out
Seat 1: Joker007r ($125.03 in chips) 
Seat 2: tukeiron ($128.32 in chips) 
Seat 5: Haalleluja ($90 in chips) 
Seat 6: BoyLoc0 ($112.47 in chips) 
tukeiron: posts small blind $0.50
Haalleluja: posts big blind $1
*** HOLE CARDS ***
BoyLoc0: folds 
Joker007r: folds 
tukeiron: folds 
Uncalled bet ($0.50) returned to Haalleluja
Haalleluja collected $1 from pot
*** SUMMARY ***
Total pot $1 | Rake $0 
Seat 3: michasia
Seat 4: Rablenco
Seat 1: Joker007r (button) folded before Flop (didn't bet)
Seat 2: tukeiron (small blind) folded before Flop
Seat 5: Haalleluja (big blind) collected ($1)
Seat 6: BoyLoc0 folded before Flop (didn't bet)



PokerStars Hand #254488393743:  Hold'em No Limit ($0.50/$1.00 USD) - 2025/01/21 19:42:59 WET [2025/01/21 14:42:59 ET]
Table 'Walinskia IV' 6-max Seat #2 is the button
Seat 3: michasia ($121.16 in chips) is sitting out
Seat 4: Rablenco ($100.41 in chips) is sitting out
Seat 1: Joker007r ($125.03 in chips) 
Seat 2: tukeiron ($127.82 in chips) 
Seat 5: Haalleluja ($90.50 in chips) 
Seat 6: BoyLoc0 ($112.47 in chips) 
Haalleluja: posts small blind $0.50
BoyLoc0: posts big blind $1
*** HOLE CARDS ***
Joker007r: folds 
tukeiron: raises $1.50 to $2.50
Haalleluja: folds 
BoyLoc0: folds 
Uncalled bet ($1.50) returned to tukeiron
tukeiron collected $2.50 from pot
*** SUMMARY ***
Total pot $2.50 | Rake $0 
Seat 3: michasia
Seat 4: Rablenco
Seat 1: Joker007r folded before Flop (didn't bet)
Seat 2: tukeiron (button) collected ($2.50)
Seat 5: Haalleluja (small blind) folded before Flop
Seat 6: BoyLoc0 (big blind) folded before Flop



PokerStars Hand #254488397725:  Hold'em No Limit ($0.50/$1.00 USD) - 2025/01/21 19:43:13 WET [2025/01/21 14:43:13 ET]
Table 'Walinskia IV' 6-max Seat #5 is the button
Seat 3: michasia ($121.16 in chips) is sitting out
Seat 4: Rablenco ($100.41 in chips) is sitting out
Seat 1: Joker007r ($125.03 in chips) 
Seat 2: tukeiron ($129.32 in chips) 
Seat 5: Haalleluja ($90 in chips) 
Seat 6: BoyLoc0 ($111.47 in chips) 
BoyLoc0: posts small blind $0.50
Joker007r: posts big blind $1
*** HOLE CARDS ***
tukeiron: folds 
Haalleluja: folds 
BoyLoc0: folds 
Uncalled bet ($0.50) returned to Joker007r
Joker007r collected $1 from pot
Joker007r: doesn't show hand 
*** SUMMARY ***
Total pot $1 | Rake $0 
Seat 3: michasia
Seat 4: Rablenco
Seat 1: Joker007r (big blind) collected ($1)
Seat 2: tukeiron folded before Flop (didn't bet)
Seat 5: Haalleluja (button) folded before Flop (didn't bet)
Seat 6: BoyLoc0 (small blind) folded before Flop



PokerStars Hand #254488403797:  Hold'em No Limit ($0.50/$1.00 USD) - 2025/01/21 19:43:33 WET [2025/01/21 14:43:33 ET]
Table 'Walinskia IV' 6-max Seat #6 is the button
Seat 3: michasia ($121.16 in chips) is sitting out
Seat 4: Rablenco ($100.41 in chips) is sitting out
Seat 1: Joker007r ($125.53 in chips) 
Seat 2: tukeiron ($129.32 in chips) 
Seat 5: Haalleluja ($90 in chips) 
Seat 6: BoyLoc0 ($110.97 in chips) 
Joker007r: posts small blind $0.50
tukeiron: posts big blind $1
*** HOLE CARDS ***
Haalleluja: folds 
BoyLoc0: folds 
Joker007r: raises $2 to $3
tukeiron: folds 
Uncalled bet ($2) returned to Joker007r
Joker007r collected $2 from pot
Joker007r: doesn't show hand 
*** SUMMARY ***
Total pot $2 | Rake $0 
Seat 3: michasia
Seat 4: Rablenco
Seat 1: Joker007r (small blind) collected ($2)
Seat 2: tukeiron (big blind) folded before Flop
Seat 5: Haalleluja folded before Flop (didn't bet)
Seat 6: BoyLoc0 (button) folded before Flop (didn't bet)



PokerStars Hand #254488410056:  Hold'em No Limit ($0.50/$1.00 USD) - 2025/01/21 19:43:53 WET [2025/01/21 14:43:53 ET]
Table 'Walinskia IV' 6-max Seat #1 is the button
Seat 3: michasia ($121.16 in chips) is sitting out
Seat 4: Rablenco ($100.41 in chips) is sitting out
Seat 1: Joker007r ($126.53 in chips) 
Seat 2: tukeiron ($128.32 in chips) 
Seat 5: Haalleluja ($90 in chips) 
Seat 6: BoyLoc0 ($110.97 in chips) 
tukeiron: posts small blind $0.50
Haalleluja: posts big blind $1
*** HOLE CARDS ***
BoyLoc0: folds 
Joker007r: folds 
tukeiron: raises $2 to $3
Haalleluja: folds 
Uncalled bet ($2) returned to tukeiron
tukeiron collected $2 from pot
*** SUMMARY ***
Total pot $2 | Rake $0 
Seat 3: michasia
Seat 4: Rablenco
Seat 1: Joker007r (button) folded before Flop (didn't bet)
Seat 2: tukeiron (small blind) collected ($2)
Seat 5: Haalleluja (big blind) folded before Flop
Seat 6: BoyLoc0 folded before Flop (didn't bet)



PokerStars Hand #254488413489:  Hold'em No Limit ($0.50/$1.00 USD) - 2025/01/21 19:44:05 WET [2025/01/21 14:44:05 ET]
Table 'Walinskia IV' 6-max Seat #2 is the button
Seat 3: michasia ($121.16 in chips) is sitting out
Seat 4: Rablenco ($100.41 in chips) is sitting out
Seat 1: Joker007r ($126.53 in chips) 
Seat 2: tukeiron ($129.32 in chips) 
Seat 5: Haalleluja ($89 in chips) 
Seat 6: BoyLoc0 ($110.97 in chips) 
Haalleluja: posts small blind $0.50
BoyLoc0: posts big blind $1
*** HOLE CARDS ***
Joker007r: folds 
tukeiron: raises $1.50 to $2.50
Haalleluja: calls $2
BoyLoc0: folds 
*** FLOP *** [6d Js 3s]
Haalleluja: checks 
tukeiron: bets $1.88
Haalleluja: calls $1.88
*** TURN *** [6d Js 3s] [7h]
Haalleluja: checks 
tukeiron: bets $4.63
Haalleluja: calls $4.63
*** RIVER *** [6d Js 3s 7h] [Ks]
Haalleluja: checks 
tukeiron: bets $22.59
Haalleluja: folds 
Uncalled bet ($22.59) returned to tukeiron
tukeiron collected $18.07 from pot
*** SUMMARY ***
Total pot $19.02 | Rake $0.95 
Board [6d Js 3s 7h Ks]
Seat 3: michasia
Seat 4: Rablenco
Seat 1: Joker007r folded before Flop (didn't bet)
Seat 2: tukeiron (button) collected ($18.07)
Seat 5: Haalleluja (small blind) folded on the River
Seat 6: BoyLoc0 (big blind) folded before Flop



PokerStars Hand #254488429748:  Hold'em No Limit ($0.50/$1.00 USD) - 2025/01/21 19:44:57 WET [2025/01/21 14:44:57 ET]
Table 'Walinskia IV' 6-max Seat #5 is the button
Seat 3: michasia ($121.16 in chips) is sitting out
Seat 4: Rablenco ($100.41 in chips) is sitting out
Seat 1: Joker007r ($126.53 in chips) 
Seat 2: tukeiron ($138.38 in chips) 
Seat 5: Haalleluja ($79.99 in chips) 
Seat 6: BoyLoc0 ($109.97 in chips) 
BoyLoc0: posts small blind $0.50
Joker007r: posts big blind $1
michasia: sits out 
*** HOLE CARDS ***
tukeiron: folds 
Haalleluja: folds 
BoyLoc0: raises $2 to $3
Joker007r: calls $2
*** FLOP *** [4h 8s 8d]
BoyLoc0: checks 
Joker007r: bets $1.88
BoyLoc0: calls $1.88
*** TURN *** [4h 8s 8d] [9d]
BoyLoc0: checks 
Joker007r: checks 
*** RIVER *** [4h 8s 8d 9d] [Ts]
BoyLoc0: checks 
Joker007r: checks 
*** SHOW DOWN ***
BoyLoc0: shows [Ac Qd] (a pair of Eights)
Joker007r: shows [3c 3h] (two pair, Eights and Threes)
Joker007r collected $9.27 from pot
*** SUMMARY ***
Total pot $9.76 | Rake $0.49 
Board [4h 8s 8d 9d Ts]
Seat 3: michasia
Seat 4: Rablenco
Seat 1: Joker007r (big blind) showed [3c 3h] and won ($9.27) with two pair, Eights and Threes
Seat 2: tukeiron folded before Flop (didn't bet)
Seat 5: Haalleluja (button) folded before Flop (didn't bet)
Seat 6: BoyLoc0 (small blind) showed [Ac Qd] and lost with a pair of Eights



PokerStars Hand #254488447143:  Hold'em No Limit ($0.50/$1.00 USD) - 2025/01/21 19:45:54 WET [2025/01/21 14:45:54 ET]
Table 'Walinskia IV' 6-max Seat #6 is the button
Seat 3: michasia ($121.16 in chips) is sitting out
Seat 4: Rablenco ($100.41 in chips) is sitting out
Seat 1: Joker007r ($130.92 in chips) 
Seat 2: tukeiron ($138.38 in chips) 
Seat 5: Haalleluja ($79.99 in chips) 
Seat 6: BoyLoc0 ($105.09 in chips) 
Joker007r: posts small blind $0.50
tukeiron: posts big blind $1
michasia: sits out 
*** HOLE CARDS ***
Haalleluja: folds 
BoyLoc0: raises $1.50 to $2.50
Joker007r: folds 
tukeiron: folds 
Uncalled bet ($1.50) returned to BoyLoc0
BoyLoc0 collected $2.50 from pot
BoyLoc0: doesn't show hand 
*** SUMMARY ***
Total pot $2.50 | Rake $0 
Seat 3: michasia
Seat 4: Rablenco
Seat 1: Joker007r (small blind) folded before Flop
Seat 2: tukeiron (big blind) folded before Flop
Seat 5: Haalleluja folded before Flop (didn't bet)
Seat 6: BoyLoc0 (button) collected ($2.50)



PokerStars Hand #254488452031:  Hold'em No Limit ($0.50/$1.00 USD) - 2025/01/21 19:46:09 WET [2025/01/21 14:46:09 ET]
Table 'Walinskia IV' 6-max Seat #1 is the button
Seat 4: Rablenco ($100.41 in chips) is sitting out
Seat 1: Joker007r ($130.42 in chips) 
Seat 2: tukeiron ($137.38 in chips) 
Seat 3: michasia ($121.16 in chips) 
Seat 5: Haalleluja ($79.99 in chips) 
Seat 6: BoyLoc0 ($106.59 in chips) 
tukeiron: posts small blind $0.50
michasia: posts big blind $1
*** HOLE CARDS ***
Haalleluja: folds 
BoyLoc0: folds 
Joker007r: raises $1.50 to $2.50
tukeiron: folds 
michasia: calls $1.50
*** FLOP *** [2c 7h As]
michasia: checks 
Joker007r: bets $1.72
michasia: raises $8.28 to $10
Joker007r: folds 
Uncalled bet ($8.28) returned to michasia
michasia collected $8.49 from pot
michasia: doesn't show hand 
*** SUMMARY ***
Total pot $8.94 | Rake $0.45 
Board [2c 7h As]
Seat 4: Rablenco
Seat 1: Joker007r (button) folded on the Flop
Seat 2: tukeiron (small blind) folded before Flop
Seat 3: michasia (big blind) collected ($8.49)
Seat 5: Haalleluja folded before Flop (didn't bet)
Seat 6: BoyLoc0 folded before Flop (didn't bet)



PokerStars Hand #254488462957:  Hold'em No Limit ($0.50/$1.00 USD) - 2025/01/21 19:46:45 WET [2025/01/21 14:46:45 ET]
Table 'Walinskia IV' 6-max Seat #2 is the button
Seat 4: Rablenco ($100.41 in chips) is sitting out
Seat 1: Joker007r ($126.20 in chips) 
Seat 2: tukeiron ($136.88 in chips) 
Seat 3: michasia ($125.43 in chips) 
Seat 5: Haalleluja ($79.99 in chips) 
Seat 6: BoyLoc0 ($106.59 in chips) 
michasia: posts small blind $0.50
Haalleluja: posts big blind $1
*** HOLE CARDS ***
BoyLoc0: raises $1.50 to $2.50
Joker007r: folds 
tukeiron: folds 
michasia: folds 
Haalleluja: folds 
Uncalled bet ($1.50) returned to BoyLoc0
BoyLoc0 collected $2.50 from pot
Rablenco leaves the table
BoyLoc0: doesn't show hand 
*** SUMMARY ***
Total pot $2.50 | Rake $0 
Seat 4: Rablenco
Seat 1: Joker007r folded before Flop (didn't bet)
Seat 2: tukeiron (button) folded before Flop (didn't bet)
Seat 3: michasia (small blind) folded before Flop
Seat 5: Haalleluja (big blind) folded before Flop
Seat 6: BoyLoc0 collected ($2.50)



PokerStars Hand #254488469910:  Hold'em No Limit ($0.50/$1.00 USD) - 2025/01/21 19:47:08 WET [2025/01/21 14:47:08 ET]
Table 'Walinskia IV' 6-max Seat #3 is the button
Seat 1: Joker007r ($126.20 in chips) 
Seat 2: tukeiron ($136.88 in chips) 
Seat 3: michasia ($124.93 in chips) 
Seat 5: Haalleluja ($78.99 in chips) 
Seat 6: BoyLoc0 ($108.09 in chips) 
Haalleluja: posts small blind $0.50
BoyLoc0: posts big blind $1
*** HOLE CARDS ***
Joker007r: folds 
GuigaMan joins the table at seat #4 
tukeiron: folds 
michasia: folds 
Haalleluja: folds 
Uncalled bet ($0.50) returned to BoyLoc0
BoyLoc0 collected $1 from pot
BoyLoc0: doesn't show hand 
*** SUMMARY ***
Total pot $1 | Rake $0 
Seat 1: Joker007r folded before Flop (didn't bet)
Seat 2: tukeiron folded before Flop (didn't bet)
Seat 3: michasia (button) folded before Flop (didn't bet)
Seat 5: Haalleluja (small blind) folded before Flop
Seat 6: BoyLoc0 (big blind) collected ($1)



PokerStars Hand #254488473282:  Hold'em No Limit ($0.50/$1.00 USD) - 2025/01/21 19:47:19 WET [2025/01/21 14:47:19 ET]
Table 'Walinskia IV' 6-max Seat #5 is the button
Seat 4: GuigaMan ($100 in chips) is sitting out
Seat 1: Joker007r ($126.20 in chips) 
Seat 2: tukeiron ($136.88 in chips) 
Seat 3: michasia ($124.93 in chips) 
Seat 5: Haalleluja ($78.49 in chips) 
Seat 6: BoyLoc0 ($108.59 in chips) 
BoyLoc0: posts small blind $0.50
Joker007r: posts big blind $1
GuigaMan: sits out 
*** HOLE CARDS ***
tukeiron: folds 
michasia: raises $1.80 to $2.80
Haalleluja: folds 
BoyLoc0: raises $9.20 to $12
Joker007r: folds 
michasia: calls $9.20
*** FLOP *** [5h 4s Ks]
BoyLoc0: bets $7.84
michasia: calls $7.84
*** TURN *** [5h 4s Ks] [Kc]
BoyLoc0: bets $26
michasia: calls $26
*** RIVER *** [5h 4s Ks Kc] [8h]
BoyLoc0: bets $62.75 and is all-in
michasia: calls $62.75
*** SHOW DOWN ***
BoyLoc0: shows [As Kd] (three of a kind, Kings)
michasia: shows [6c 7c] (a straight, Four to Eight)
michasia collected $215.68 from pot
*** SUMMARY ***
Total pot $218.18 | Rake $2.50 
Board [5h 4s Ks Kc 8h]
Seat 4: GuigaMan
Seat 1: Joker007r (big blind) folded before Flop
Seat 2: tukeiron folded before Flop (didn't bet)
Seat 3: michasia showed [6c 7c] and won ($215.68) with a straight, Four to Eight
Seat 5: Haalleluja (button) folded before Flop (didn't bet)
Seat 6: BoyLoc0 (small blind) showed [As Kd] and lost with three of a kind, Kings



PokerStars Hand #254488494555:  Hold'em No Limit ($0.50/$1.00 USD) - 2025/01/21 19:48:28 WET [2025/01/21 14:48:28 ET]
Table 'Walinskia IV' 6-max Seat #6 is the button
Seat 4: GuigaMan ($100 in chips) is sitting out
Seat 1: Joker007r ($125.20 in chips) 
Seat 2: tukeiron ($136.88 in chips) 
Seat 3: michasia ($232.02 in chips) 
Seat 5: Haalleluja ($78.49 in chips) 
Seat 6: BoyLoc0 ($100 in chips) 
Joker007r: posts small blind $0.50
tukeiron: posts big blind $1
GuigaMan: sits out 
*** HOLE CARDS ***
michasia: folds 
Haalleluja: folds 
BoyLoc0: folds 
Joker007r: folds 
Uncalled bet ($0.50) returned to tukeiron
tukeiron collected $1 from pot
*** SUMMARY ***
Total pot $1 | Rake $0 
Seat 4: GuigaMan
Seat 1: Joker007r (small blind) folded before Flop
Seat 2: tukeiron (big blind) collected ($1)
Seat 3: michasia folded before Flop (didn't bet)
Seat 5: Haalleluja folded before Flop (didn't bet)
Seat 6: BoyLoc0 (button) folded before Flop (didn't bet)



PokerStars Hand #254488498215:  Hold'em No Limit ($0.50/$1.00 USD) - 2025/01/21 19:48:40 WET [2025/01/21 14:48:40 ET]
Table 'Walinskia IV' 6-max Seat #1 is the button
Seat 4: GuigaMan ($100 in chips) is sitting out
Seat 1: Joker007r ($124.70 in chips) 
Seat 2: tukeiron ($137.38 in chips) 
Seat 3: michasia ($232.02 in chips) 
Seat 5: Haalleluja ($78.49 in chips) 
Seat 6: BoyLoc0 ($100 in chips) 
tukeiron: posts small blind $0.50
michasia: posts big blind $1
GuigaMan: sits out 
*** HOLE CARDS ***
Haalleluja: folds 
BoyLoc0: folds 
Joker007r: raises $1.50 to $2.50
tukeiron: folds 
michasia: calls $1.50
*** FLOP *** [Qd 8h 6h]
michasia: checks 
Joker007r: checks 
*** TURN *** [Qd 8h 6h] [Kc]
michasia: checks 
Joker007r: checks 
*** RIVER *** [Qd 8h 6h Kc] [6s]
michasia: bets $3.48
Joker007r: calls $3.48
*** SHOW DOWN ***
michasia: shows [5h Qh] (two pair, Queens and Sixes)
Joker007r: shows [9d Qc] (two pair, Queens and Sixes)
michasia collected $5.92 from pot
Joker007r collected $5.92 from pot
*** SUMMARY ***
Total pot $12.46 | Rake $0.62 
Board [Qd 8h 6h Kc 6s]
Seat 4: GuigaMan
Seat 1: Joker007r (button) showed [9d Qc] and won ($5.92) with two pair, Queens and Sixes
Seat 2: tukeiron (small blind) folded before Flop
Seat 3: michasia (big blind) showed [5h Qh] and won ($5.92) with two pair, Queens and Sixes
Seat 5: Haalleluja folded before Flop (didn't bet)
Seat 6: BoyLoc0 folded before Flop (didn't bet)



PokerStars Hand #254488507370:  Hold'em No Limit ($0.50/$1.00 USD) - 2025/01/21 19:49:11 WET [2025/01/21 14:49:11 ET]
Table 'Walinskia IV' 6-max Seat #2 is the button
Seat 1: Joker007r ($124.64 in chips) 
Seat 2: tukeiron ($136.88 in chips) 
Seat 3: michasia ($231.96 in chips) 
Seat 4: GuigaMan ($100 in chips) 
Seat 5: Haalleluja ($78.49 in chips) 
Seat 6: BoyLoc0 ($100 in chips) 
michasia: posts small blind $0.50
GuigaMan: posts big blind $1
*** HOLE CARDS ***
Haalleluja: folds 
BoyLoc0: folds 
Joker007r: raises $1.50 to $2.50
tukeiron: folds 
michasia: folds 
GuigaMan: calls $1.50
*** FLOP *** [5d 8c Ks]
GuigaMan: checks 
Joker007r: checks 
*** TURN *** [5d 8c Ks] [Kh]
GuigaMan: checks 
Joker007r: bets $2.71
GuigaMan: calls $2.71
*** RIVER *** [5d 8c Ks Kh] [9d]
GuigaMan: checks 
Joker007r: bets $16.38
GuigaMan: folds 
Uncalled bet ($16.38) returned to Joker007r
Joker007r collected $10.37 from pot
Joker007r: doesn't show hand 
*** SUMMARY ***
Total pot $10.92 | Rake $0.55 
Board [5d 8c Ks Kh 9d]
Seat 1: Joker007r collected ($10.37)
Seat 2: tukeiron (button) folded before Flop (didn't bet)
Seat 3: michasia (small blind) folded before Flop
Seat 4: GuigaMan (big blind) folded on the River
Seat 5: Haalleluja folded before Flop (didn't bet)
Seat 6: BoyLoc0 folded before Flop (didn't bet)



PokerStars Hand #254488520677:  Hold'em No Limit ($0.50/$1.00 USD) - 2025/01/21 19:49:55 WET [2025/01/21 14:49:55 ET]
Table 'Walinskia IV' 6-max Seat #3 is the button
Seat 1: Joker007r ($129.80 in chips) 
Seat 2: tukeiron ($136.88 in chips) 
Seat 3: michasia ($231.46 in chips) 
Seat 4: GuigaMan ($100 in chips) 
Seat 5: Haalleluja ($78.49 in chips) 
Seat 6: BoyLoc0 ($100 in chips) 
GuigaMan: posts small blind $0.50
Haalleluja: posts big blind $1
*** HOLE CARDS ***
BoyLoc0: folds 
Joker007r: folds 
tukeiron: folds 
michasia: raises $1.80 to $2.80
GuigaMan: folds 
Haalleluja: calls $1.80
*** FLOP *** [3s Ad 2c]
Haalleluja: checks 
michasia: bets $1.91
Haalleluja: calls $1.91
*** TURN *** [3s Ad 2c] [Qd]
Haalleluja: bets $9.42
michasia: folds 
Uncalled bet ($9.42) returned to Haalleluja
Haalleluja collected $9.42 from pot
*** SUMMARY ***
Total pot $9.92 | Rake $0.50 
Board [3s Ad 2c Qd]
Seat 1: Joker007r folded before Flop (didn't bet)
Seat 2: tukeiron folded before Flop (didn't bet)
Seat 3: michasia (button) folded on the Turn
Seat 4: GuigaMan (small blind) folded before Flop
Seat 5: Haalleluja (big blind) collected ($9.42)
Seat 6: BoyLoc0 folded before Flop (didn't bet)



PokerStars Hand #254488529620:  Hold'em No Limit ($0.50/$1.00 USD) - 2025/01/21 19:50:24 WET [2025/01/21 14:50:24 ET]
Table 'Walinskia IV' 6-max Seat #4 is the button
Seat 6: BoyLoc0 ($100 in chips) is sitting out
Seat 1: Joker007r ($129.80 in chips) 
Seat 2: tukeiron ($136.88 in chips) 
Seat 3: michasia ($226.75 in chips) 
Seat 4: GuigaMan ($100 in chips) 
Seat 5: Haalleluja ($83.20 in chips) 
Haalleluja: posts small blind $0.50
BoyLoc0: is sitting out 
Joker007r: posts big blind $1
*** HOLE CARDS ***
tukeiron: raises $1.50 to $2.50
michasia: folds 
GuigaMan: folds 
Haalleluja: folds 
Joker007r: folds 
Uncalled bet ($1.50) returned to tukeiron
tukeiron collected $2.50 from pot
*** SUMMARY ***
Total pot $2.50 | Rake $0 
Seat 6: BoyLoc0
Seat 1: Joker007r (big blind) folded before Flop
Seat 2: tukeiron collected ($2.50)
Seat 3: michasia folded before Flop (didn't bet)
Seat 4: GuigaMan (button) folded before Flop (didn't bet)
Seat 5: Haalleluja (small blind) folded before Flop



PokerStars Hand #254488532512:  Hold'em No Limit ($0.50/$1.00 USD) - 2025/01/21 19:50:34 WET [2025/01/21 14:50:34 ET]
Table 'Walinskia IV' 6-max Seat #5 is the button
Seat 6: BoyLoc0 ($100 in chips) is sitting out
Seat 1: Joker007r ($128.80 in chips) 
Seat 2: tukeiron ($138.38 in chips) 
Seat 3: michasia ($226.75 in chips) 
Seat 4: GuigaMan ($100 in chips) 
Seat 5: Haalleluja ($82.70 in chips) 
Joker007r: posts small blind $0.50
tukeiron: posts big blind $1
*** HOLE CARDS ***
michasia: folds 
GuigaMan: folds 
Haalleluja: raises $1 to $2
Joker007r: folds 
tukeiron: folds 
Uncalled bet ($1) returned to Haalleluja
Haalleluja collected $2.50 from pot
*** SUMMARY ***
Total pot $2.50 | Rake $0 
Seat 6: BoyLoc0
Seat 1: Joker007r (small blind) folded before Flop
Seat 2: tukeiron (big blind) folded before Flop
Seat 3: michasia folded before Flop (didn't bet)
Seat 4: GuigaMan folded before Flop (didn't bet)
Seat 5: Haalleluja (button) collected ($2.50)



PokerStars Hand #254488536634:  Hold'em No Limit ($0.50/$1.00 USD) - 2025/01/21 19:50:47 WET [2025/01/21 14:50:47 ET]
Table 'Walinskia IV' 6-max Seat #1 is the button
Seat 6: BoyLoc0 ($100 in chips) is sitting out
Seat 1: Joker007r ($128.30 in chips) 
Seat 2: tukeiron ($137.38 in chips) 
Seat 3: michasia ($226.75 in chips) 
Seat 4: GuigaMan ($100 in chips) 
Seat 5: Haalleluja ($84.20 in chips) 
tukeiron: posts small blind $0.50
michasia: posts big blind $1
*** HOLE CARDS ***
GuigaMan: folds 
Haalleluja: raises $1 to $2
Joker007r: folds 
tukeiron: raises $5 to $7
michasia: folds 
Haalleluja: calls $5
*** FLOP *** [9c 6d 3d]
tukeiron: bets $4.70
Haalleluja: folds 
Uncalled bet ($4.70) returned to tukeiron
tukeiron collected $14.25 from pot
*** SUMMARY ***
Total pot $15 | Rake $0.75 
Board [9c 6d 3d]
Seat 6: BoyLoc0
Seat 1: Joker007r (button) folded before Flop (didn't bet)
Seat 2: tukeiron (small blind) collected ($14.25)
Seat 3: michasia (big blind) folded before Flop
Seat 4: GuigaMan folded before Flop (didn't bet)
Seat 5: Haalleluja folded on the Flop



PokerStars Hand #254488545137:  Hold'em No Limit ($0.50/$1.00 USD) - 2025/01/21 19:51:15 WET [2025/01/21 14:51:15 ET]
Table 'Walinskia IV' 6-max Seat #2 is the button
Seat 6: BoyLoc0 ($100 in chips) is sitting out
Seat 1: Joker007r ($128.30 in chips) 
Seat 2: tukeiron ($144.63 in chips) 
Seat 3: michasia ($225.75 in chips) 
Seat 4: GuigaMan ($100 in chips) 
Seat 5: Haalleluja ($77.20 in chips) 
michasia: posts small blind $0.50
GuigaMan: posts big blind $1
*** HOLE CARDS ***
Haalleluja: raises $1 to $2
Joker007r: calls $2
tukeiron: folds 
michasia: folds 
GuigaMan: calls $1
*** FLOP *** [Qs Kh 7s]
GuigaMan: checks 
Haalleluja: checks 
Joker007r: checks 
*** TURN *** [Qs Kh 7s] [7h]
GuigaMan: checks 
Haalleluja: checks 
Joker007r: checks 
*** RIVER *** [Qs Kh 7s 7h] [Jc]
GuigaMan: bets $6
Haalleluja: folds 
Joker007r: folds 
Uncalled bet ($6) returned to GuigaMan
GuigaMan collected $6.18 from pot
*** SUMMARY ***
Total pot $6.50 | Rake $0.32 
Board [Qs Kh 7s 7h Jc]
Seat 6: BoyLoc0
Seat 1: Joker007r folded on the River
Seat 2: tukeiron (button) folded before Flop (didn't bet)
Seat 3: michasia (small blind) folded before Flop
Seat 4: GuigaMan (big blind) collected ($6.18)
Seat 5: Haalleluja folded on the River



PokerStars Hand #254488557630:  Hold'em No Limit ($0.50/$1.00 USD) - 2025/01/21 19:51:57 WET [2025/01/21 14:51:57 ET]
Table 'Walinskia IV' 6-max Seat #3 is the button
Seat 6: BoyLoc0 ($100 in chips) is sitting out
Seat 1: Joker007r ($126.30 in chips) 
Seat 2: tukeiron ($144.63 in chips) 
Seat 3: michasia ($225.25 in chips) 
Seat 4: GuigaMan ($104.18 in chips) 
Seat 5: Haalleluja ($75.20 in chips) 
GuigaMan: posts small blind $0.50
Haalleluja: posts big blind $1
*** HOLE CARDS ***
Joker007r: folds 
tukeiron: raises $1.50 to $2.50
michasia: folds 
GuigaMan: folds 
Haalleluja: calls $1.50
*** FLOP *** [8c Qc 6h]
Haalleluja: checks 
tukeiron: bets $1.72
Haalleluja: calls $1.72
*** TURN *** [8c Qc 6h] [Qs]
Haalleluja: bets $5
tukeiron: folds 
Uncalled bet ($5) returned to Haalleluja
Haalleluja collected $8.49 from pot
*** SUMMARY ***
Total pot $8.94 | Rake $0.45 
Board [8c Qc 6h Qs]
Seat 6: BoyLoc0
Seat 1: Joker007r folded before Flop (didn't bet)
Seat 2: tukeiron folded on the Turn
Seat 3: michasia (button) folded before Flop (didn't bet)
Seat 4: GuigaMan (small blind) folded before Flop
Seat 5: Haalleluja (big blind) collected ($8.49)



PokerStars Hand #254488569258:  Hold'em No Limit ($0.50/$1.00 USD) - 2025/01/21 19:52:35 WET [2025/01/21 14:52:35 ET]
Table 'Walinskia IV' 6-max Seat #4 is the button
Seat 6: BoyLoc0 ($100 in chips) is sitting out
Seat 1: Joker007r ($126.30 in chips) 
Seat 2: tukeiron ($140.41 in chips) 
Seat 3: michasia ($225.25 in chips) 
Seat 4: GuigaMan ($103.68 in chips) 
Seat 5: Haalleluja ($79.47 in chips) 
Haalleluja: posts small blind $0.50
Joker007r: posts big blind $1
*** HOLE CARDS ***
tukeiron: folds 
michasia: folds 
GuigaMan: raises $1.10 to $2.10
Haalleluja: folds 
Joker007r: folds 
Uncalled bet ($1.10) returned to GuigaMan
GuigaMan collected $2.50 from pot
*** SUMMARY ***
Total pot $2.50 | Rake $0 
Seat 6: BoyLoc0
Seat 1: Joker007r (big blind) folded before Flop
Seat 2: tukeiron folded before Flop (didn't bet)
Seat 3: michasia folded before Flop (didn't bet)
Seat 4: GuigaMan (button) collected ($2.50)
Seat 5: Haalleluja (small blind) folded before Flop



PokerStars Hand #254488573085:  Hold'em No Limit ($0.50/$1.00 USD) - 2025/01/21 19:52:48 WET [2025/01/21 14:52:48 ET]
Table 'Walinskia IV' 6-max Seat #5 is the button
Seat 6: BoyLoc0 ($100 in chips) is sitting out
Seat 1: Joker007r ($125.30 in chips) 
Seat 2: tukeiron ($140.41 in chips) 
Seat 3: michasia ($225.25 in chips) 
Seat 4: GuigaMan ($105.18 in chips) 
Seat 5: Haalleluja ($78.97 in chips) 
Joker007r: posts small blind $0.50
tukeiron: posts big blind $1
*** HOLE CARDS ***
michasia: folds 
GuigaMan: folds 
Haalleluja: folds 
Joker007r: folds 
Uncalled bet ($0.50) returned to tukeiron
tukeiron collected $1 from pot
*** SUMMARY ***
Total pot $1 | Rake $0 
Seat 6: BoyLoc0
Seat 1: Joker007r (small blind) folded before Flop
Seat 2: tukeiron (big blind) collected ($1)
Seat 3: michasia folded before Flop (didn't bet)
Seat 4: GuigaMan folded before Flop (didn't bet)
Seat 5: Haalleluja (button) folded before Flop (didn't bet)



PokerStars Hand #254488575569:  Hold'em No Limit ($0.50/$1.00 USD) - 2025/01/21 19:52:56 WET [2025/01/21 14:52:56 ET]
Table 'Walinskia IV' 6-max Seat #1 is the button
Seat 6: BoyLoc0 ($100 in chips) is sitting out
Seat 1: Joker007r ($124.80 in chips) 
Seat 2: tukeiron ($140.91 in chips) 
Seat 3: michasia ($225.25 in chips) 
Seat 4: GuigaMan ($105.18 in chips) 
Seat 5: Haalleluja ($78.97 in chips) 
tukeiron: posts small blind $0.50
michasia: posts big blind $1
BoyLoc0: sits out 
*** HOLE CARDS ***
GuigaMan: folds 
Haalleluja: folds 
Joker007r: folds 
tukeiron: raises $2 to $3
michasia: calls $2
*** FLOP *** [3s Qc 4d]
tukeiron: bets $1.43
michasia: folds 
Uncalled bet ($1.43) returned to tukeiron
tukeiron collected $5.70 from pot
*** SUMMARY ***
Total pot $6 | Rake $0.30 
Board [3s Qc 4d]
Seat 6: BoyLoc0
Seat 1: Joker007r (button) folded before Flop (didn't bet)
Seat 2: tukeiron (small blind) collected ($5.70)
Seat 3: michasia (big blind) folded on the Flop
Seat 4: GuigaMan folded before Flop (didn't bet)
Seat 5: Haalleluja folded before Flop (didn't bet)



PokerStars Hand #254488586517:  Hold'em No Limit ($0.50/$1.00 USD) - 2025/01/21 19:53:32 WET [2025/01/21 14:53:32 ET]
Table 'Walinskia IV' 6-max Seat #2 is the button
Seat 6: BoyLoc0 ($100 in chips) is sitting out
Seat 1: Joker007r ($124.80 in chips) 
Seat 2: tukeiron ($143.61 in chips) 
Seat 3: michasia ($222.25 in chips) 
Seat 4: GuigaMan ($105.18 in chips) 
Seat 5: Haalleluja ($78.97 in chips) 
michasia: posts small blind $0.50
GuigaMan: posts big blind $1
BoyLoc0: sits out 
*** HOLE CARDS ***
Haalleluja: raises $1 to $2
Joker007r: folds 
tukeiron: folds 
michasia: folds 
GuigaMan: calls $1
*** FLOP *** [Td 5h 7s]
GuigaMan: checks 
Haalleluja: checks 
*** TURN *** [Td 5h 7s] [6d]
GuigaMan: checks 
Haalleluja: bets $6
GuigaMan: folds 
Uncalled bet ($6) returned to Haalleluja
Haalleluja collected $4.28 from pot
*** SUMMARY ***
Total pot $4.50 | Rake $0.22 
Board [Td 5h 7s 6d]
Seat 6: BoyLoc0
Seat 1: Joker007r folded before Flop (didn't bet)
Seat 2: tukeiron (button) folded before Flop (didn't bet)
Seat 3: michasia (small blind) folded before Flop
Seat 4: GuigaMan (big blind) folded on the Turn
Seat 5: Haalleluja collected ($4.28)



PokerStars Hand #254488596457:  Hold'em No Limit ($0.50/$1.00 USD) - 2025/01/21 19:54:05 WET [2025/01/21 14:54:05 ET]
Table 'Walinskia IV' 6-max Seat #3 is the button
Seat 6: BoyLoc0 ($100 in chips) is sitting out
Seat 1: Joker007r ($124.80 in chips) 
Seat 2: tukeiron ($143.61 in chips) 
Seat 3: michasia ($221.75 in chips) 
Seat 4: GuigaMan ($103.18 in chips) 
Seat 5: Haalleluja ($81.25 in chips) 
GuigaMan: posts small blind $0.50
Haalleluja: posts big blind $1
BoyLoc0: sits out 
*** HOLE CARDS ***
Joker007r: folds 
tukeiron: folds 
michasia: raises $1.80 to $2.80
GuigaMan: folds 
Haalleluja: folds 
Uncalled bet ($1.80) returned to michasia
michasia collected $2.50 from pot
michasia: doesn't show hand 
*** SUMMARY ***
Total pot $2.50 | Rake $0 
Seat 6: BoyLoc0
Seat 1: Joker007r folded before Flop (didn't bet)
Seat 2: tukeiron folded before Flop (didn't bet)
Seat 3: michasia (button) collected ($2.50)
Seat 4: GuigaMan (small blind) folded before Flop
Seat 5: Haalleluja (big blind) folded before Flop



PokerStars Hand #254488599669:  Hold'em No Limit ($0.50/$1.00 USD) - 2025/01/21 19:54:16 WET [2025/01/21 14:54:16 ET]
Table 'Walinskia IV' 6-max Seat #4 is the button
Seat 1: Joker007r ($124.80 in chips) 
Seat 2: tukeiron ($143.61 in chips) 
Seat 3: michasia ($223.25 in chips) 
Seat 4: GuigaMan ($102.68 in chips) 
Seat 5: Haalleluja ($80.25 in chips) 
Seat 6: BoyLoc0 ($100 in chips) 
Haalleluja: posts small blind $0.50
BoyLoc0: posts big blind $1
*** HOLE CARDS ***
Joker007r: folds 
tukeiron: folds 
michasia: raises $1.80 to $2.80
GuigaMan: folds 
Haalleluja: folds 
BoyLoc0: folds 
Uncalled bet ($1.80) returned to michasia
michasia collected $2.50 from pot
michasia: doesn't show hand 
*** SUMMARY ***
Total pot $2.50 | Rake $0 
Seat 1: Joker007r folded before Flop (didn't bet)
Seat 2: tukeiron folded before Flop (didn't bet)
Seat 3: michasia collected ($2.50)
Seat 4: GuigaMan (button) folded before Flop (didn't bet)
Seat 5: Haalleluja (small blind) folded before Flop
Seat 6: BoyLoc0 (big blind) folded before Flop



PokerStars Hand #254488603870:  Hold'em No Limit ($0.50/$1.00 USD) - 2025/01/21 19:54:30 WET [2025/01/21 14:54:30 ET]
Table 'Walinskia IV' 6-max Seat #5 is the button
Seat 1: Joker007r ($124.80 in chips) 
Seat 2: tukeiron ($143.61 in chips) 
Seat 3: michasia ($224.75 in chips) 
Seat 4: GuigaMan ($102.68 in chips) 
Seat 5: Haalleluja ($79.75 in chips) 
Seat 6: BoyLoc0 ($100 in chips) 
BoyLoc0: posts small blind $0.50
Joker007r: posts big blind $1
*** HOLE CARDS ***
tukeiron: folds 
michasia: raises $1.60 to $2.60
GuigaMan: folds 
Haalleluja: calls $2.60
BoyLoc0: raises $11.40 to $14
Joker007r: folds 
michasia: raises $210.75 to $224.75 and is all-in
Haalleluja: folds 
BoyLoc0: folds 
Uncalled bet ($210.75) returned to michasia
michasia collected $31.60 from pot
michasia: doesn't show hand 
*** SUMMARY ***
Total pot $31.60 | Rake $0 
Seat 1: Joker007r (big blind) folded before Flop
Seat 2: tukeiron folded before Flop (didn't bet)
Seat 3: michasia collected ($31.60)
Seat 4: GuigaMan folded before Flop (didn't bet)
Seat 5: Haalleluja (button) folded before Flop
Seat 6: BoyLoc0 (small blind) folded before Flop



PokerStars Hand #254488612345:  Hold'em No Limit ($0.50/$1.00 USD) - 2025/01/21 19:54:58 WET [2025/01/21 14:54:58 ET]
Table 'Walinskia IV' 6-max Seat #6 is the button
Seat 1: Joker007r ($123.80 in chips) 
Seat 2: tukeiron ($143.61 in chips) 
Seat 3: michasia ($242.35 in chips) 
Seat 4: GuigaMan ($102.68 in chips) 
Seat 5: Haalleluja ($77.15 in chips) 
Seat 6: BoyLoc0 ($100 in chips) 
Joker007r: posts small blind $0.50
tukeiron: posts big blind $1
*** HOLE CARDS ***
michasia: raises $1.60 to $2.60
GuigaMan: folds 
Haalleluja: calls $2.60
BoyLoc0: raises $6.40 to $9
Joker007r: folds 
tukeiron: folds 
michasia: folds 
Haalleluja: folds 
Uncalled bet ($6.40) returned to BoyLoc0
BoyLoc0 collected $9.30 from pot
BoyLoc0: doesn't show hand 
*** SUMMARY ***
Total pot $9.30 | Rake $0 
Seat 1: Joker007r (small blind) folded before Flop
Seat 2: tukeiron (big blind) folded before Flop
Seat 3: michasia folded before Flop
Seat 4: GuigaMan folded before Flop (didn't bet)
Seat 5: Haalleluja folded before Flop
Seat 6: BoyLoc0 (button) collected ($9.30)



PokerStars Hand #254488617134:  Hold'em No Limit ($0.50/$1.00 USD) - 2025/01/21 19:55:18 WET [2025/01/21 14:55:18 ET]
Table 'Walinskia IV' 6-max Seat #1 is the button
Seat 1: Joker007r ($123.30 in chips) 
Seat 2: tukeiron ($142.61 in chips) 
Seat 3: michasia ($239.75 in chips) 
Seat 4: GuigaMan ($102.68 in chips) 
Seat 5: Haalleluja ($74.55 in chips) 
Seat 6: BoyLoc0 ($106.70 in chips) 
tukeiron: posts small blind $0.50
michasia: posts big blind $1
*** HOLE CARDS ***
GuigaMan: folds 
Haalleluja: folds 
BoyLoc0: folds 
Joker007r: raises $1.50 to $2.50
tukeiron: raises $9 to $11.50
michasia: folds 
Joker007r: folds 
Uncalled bet ($9) returned to tukeiron
tukeiron collected $6 from pot
tukeiron: doesn't show hand 
*** SUMMARY ***
Total pot $6 | Rake $0 
Seat 1: Joker007r (button) folded before Flop
Seat 2: tukeiron (small blind) collected ($6)
Seat 3: michasia (big blind) folded before Flop
Seat 4: GuigaMan folded before Flop (didn't bet)
Seat 5: Haalleluja folded before Flop (didn't bet)
Seat 6: BoyLoc0 folded before Flop (didn't bet)



PokerStars Hand #254488620559:  Hold'em No Limit ($0.50/$1.00 USD) - 2025/01/21 19:55:34 WET [2025/01/21 14:55:34 ET]
Table 'Walinskia IV' 6-max Seat #2 is the button
Seat 4: GuigaMan ($102.68 in chips) is sitting out
Seat 1: Joker007r ($120.80 in chips) 
Seat 2: tukeiron ($146.11 in chips) 
Seat 3: michasia ($238.75 in chips) 
Seat 5: Haalleluja ($74.55 in chips) 
Seat 6: BoyLoc0 ($106.70 in chips) 
michasia: posts small blind $0.50
GuigaMan: is sitting out 
Haalleluja: posts big blind $1
*** HOLE CARDS ***
BoyLoc0: folds 
Joker007r: folds 
tukeiron: folds 
michasia: folds 
Uncalled bet ($0.50) returned to Haalleluja
Haalleluja collected $1 from pot
*** SUMMARY ***
Total pot $1 | Rake $0 
Seat 4: GuigaMan
Seat 1: Joker007r folded before Flop (didn't bet)
Seat 2: tukeiron (button) folded before Flop (didn't bet)
Seat 3: michasia (small blind) folded before Flop
Seat 5: Haalleluja (big blind) collected ($1)
Seat 6: BoyLoc0 folded before Flop (didn't bet)



PokerStars Hand #254488622377:  Hold'em No Limit ($0.50/$1.00 USD) - 2025/01/21 19:55:42 WET [2025/01/21 14:55:42 ET]
Table 'Walinskia IV' 6-max Seat #3 is the button
Seat 4: GuigaMan ($102.68 in chips) is sitting out
Seat 1: Joker007r ($120.80 in chips) 
Seat 2: tukeiron ($146.11 in chips) 
Seat 3: michasia ($238.25 in chips) 
Seat 5: Haalleluja ($75.05 in chips) 
Seat 6: BoyLoc0 ($106.70 in chips) 
Haalleluja: posts small blind $0.50
BoyLoc0: posts big blind $1
*** HOLE CARDS ***
Joker007r: raises $1.38 to $2.38
tukeiron: folds 
michasia: folds 
GuigaMan leaves the table
xxxZeka joins the table at seat #4 
Haalleluja: folds 
BoyLoc0: folds 
Uncalled bet ($1.38) returned to Joker007r
Joker007r collected $2.50 from pot
Joker007r: doesn't show hand 
*** SUMMARY ***
Total pot $2.50 | Rake $0 
Seat 4: GuigaMan
Seat 1: Joker007r collected ($2.50)
Seat 2: tukeiron folded before Flop (didn't bet)
Seat 3: michasia (button) folded before Flop (didn't bet)
Seat 5: Haalleluja (small blind) folded before Flop
Seat 6: BoyLoc0 (big blind) folded before Flop



PokerStars Hand #254488626078:  Hold'em No Limit ($0.50/$1.00 USD) - 2025/01/21 19:55:59 WET [2025/01/21 14:55:59 ET]
Table 'Walinskia IV' 6-max Seat #5 is the button
Seat 4: xxxZeka ($100 in chips) is sitting out
Seat 1: Joker007r ($122.30 in chips) 
Seat 2: tukeiron ($146.11 in chips) 
Seat 3: michasia ($238.25 in chips) 
Seat 5: Haalleluja ($74.55 in chips) 
Seat 6: BoyLoc0 ($105.70 in chips) 
BoyLoc0: posts small blind $0.50
Joker007r: posts big blind $1
xxxZeka: sits out 
*** HOLE CARDS ***
tukeiron: raises $1.50 to $2.50
michasia: folds 
Haalleluja: folds 
BoyLoc0: folds 
Joker007r: calls $1.50
*** FLOP *** [6s 3s Ac]
Joker007r: checks 
tukeiron: bets $5.22
Joker007r: raises $11.43 to $16.65
tukeiron: folds 
Uncalled bet ($11.43) returned to Joker007r
Joker007r collected $15.14 from pot
Joker007r: doesn't show hand 
*** SUMMARY ***
Total pot $15.94 | Rake $0.80 
Board [6s 3s Ac]
Seat 4: xxxZeka
Seat 1: Joker007r (big blind) collected ($15.14)
Seat 2: tukeiron folded on the Flop
Seat 3: michasia folded before Flop (didn't bet)
Seat 5: Haalleluja (button) folded before Flop (didn't bet)
Seat 6: BoyLoc0 (small blind) folded before Flop



PokerStars Hand #254488636990:  Hold'em No Limit ($0.50/$1.00 USD) - 2025/01/21 19:56:48 WET [2025/01/21 14:56:48 ET]
Table 'Walinskia IV' 6-max Seat #6 is the button
Seat 4: xxxZeka ($100 in chips) is sitting out
Seat 1: Joker007r ($129.72 in chips) 
Seat 2: tukeiron ($138.39 in chips) 
Seat 3: michasia ($238.25 in chips) 
Seat 5: Haalleluja ($74.55 in chips) 
Seat 6: BoyLoc0 ($105.20 in chips) 
Joker007r: posts small blind $0.50
tukeiron: posts big blind $1
xxxZeka: sits out 
*** HOLE CARDS ***
michasia: folds 
Haalleluja: folds 
BoyLoc0: folds 
Joker007r: raises $2 to $3
tukeiron: folds 
Uncalled bet ($2) returned to Joker007r
Joker007r collected $2 from pot
Joker007r: doesn't show hand 
*** SUMMARY ***
Total pot $2 | Rake $0 
Seat 4: xxxZeka
Seat 1: Joker007r (small blind) collected ($2)
Seat 2: tukeiron (big blind) folded before Flop
Seat 3: michasia folded before Flop (didn't bet)
Seat 5: Haalleluja folded before Flop (didn't bet)
Seat 6: BoyLoc0 (button) folded before Flop (didn't bet)



PokerStars Hand #254488641285:  Hold'em No Limit ($0.50/$1.00 USD) - 2025/01/21 19:57:07 WET [2025/01/21 14:57:07 ET]
Table 'Walinskia IV' 6-max Seat #1 is the button
Seat 4: xxxZeka ($100 in chips) is sitting out
Seat 1: Joker007r ($130.72 in chips) 
Seat 2: tukeiron ($137.39 in chips) 
Seat 3: michasia ($238.25 in chips) 
Seat 5: Haalleluja ($74.55 in chips) 
Seat 6: BoyLoc0 ($105.20 in chips) 
tukeiron: posts small blind $0.50
michasia: posts big blind $1
xxxZeka: sits out 
*** HOLE CARDS ***
Haalleluja: raises $1 to $2
BoyLoc0: raises $5 to $7
Joker007r: folds 
tukeiron: folds 
michasia: folds 
Haalleluja: calls $5
*** FLOP *** [7h 8c 5d]
Haalleluja: bets $7.36
BoyLoc0: folds 
Uncalled bet ($7.36) returned to Haalleluja
Haalleluja collected $14.72 from pot
*** SUMMARY ***
Total pot $15.50 | Rake $0.78 
Board [7h 8c 5d]
Seat 4: xxxZeka
Seat 1: Joker007r (button) folded before Flop (didn't bet)
Seat 2: tukeiron (small blind) folded before Flop
Seat 3: michasia (big blind) folded before Flop
Seat 5: Haalleluja collected ($14.72)
Seat 6: BoyLoc0 folded on the Flop



PokerStars Hand #254488650130:  Hold'em No Limit ($0.50/$1.00 USD) - 2025/01/21 19:57:47 WET [2025/01/21 14:57:47 ET]
Table 'Walinskia IV' 6-max Seat #2 is the button
Seat 1: Joker007r ($130.72 in chips) 
Seat 2: tukeiron ($136.89 in chips) 
Seat 3: michasia ($237.25 in chips) 
Seat 4: xxxZeka ($100 in chips) 
Seat 5: Haalleluja ($82.27 in chips) 
Seat 6: BoyLoc0 ($100 in chips) 
michasia: posts small blind $0.50
xxxZeka: posts big blind $1
*** HOLE CARDS ***
Haalleluja: raises $1 to $2
BoyLoc0: folds 
Joker007r: folds 
tukeiron: folds 
michasia: folds 
xxxZeka: folds 
Uncalled bet ($1) returned to Haalleluja
Haalleluja collected $2.50 from pot
*** SUMMARY ***
Total pot $2.50 | Rake $0 
Seat 1: Joker007r folded before Flop (didn't bet)
Seat 2: tukeiron (button) folded before Flop (didn't bet)
Seat 3: michasia (small blind) folded before Flop
Seat 4: xxxZeka (big blind) folded before Flop
Seat 5: Haalleluja collected ($2.50)
Seat 6: BoyLoc0 folded before Flop (didn't bet)



PokerStars Hand #254488653509:  Hold'em No Limit ($0.50/$1.00 USD) - 2025/01/21 19:58:03 WET [2025/01/21 14:58:03 ET]
Table 'Walinskia IV' 6-max Seat #3 is the button
Seat 1: Joker007r ($130.72 in chips) 
Seat 2: tukeiron ($136.89 in chips) 
Seat 3: michasia ($236.75 in chips) 
Seat 4: xxxZeka ($100 in chips) 
Seat 5: Haalleluja ($83.77 in chips) 
Seat 6: BoyLoc0 ($100 in chips) 
xxxZeka: posts small blind $0.50
Haalleluja: posts big blind $1
*** HOLE CARDS ***
BoyLoc0: folds 
Joker007r: folds 
tukeiron: raises $1.50 to $2.50
michasia: folds 
xxxZeka: folds 
Haalleluja: calls $1.50
*** FLOP *** [4s Jd Ks]
Haalleluja: checks 
tukeiron: bets $1.72
Haalleluja: folds 
Uncalled bet ($1.72) returned to tukeiron
tukeiron collected $5.22 from pot
*** SUMMARY ***
Total pot $5.50 | Rake $0.28 
Board [4s Jd Ks]
Seat 1: Joker007r folded before Flop (didn't bet)
Seat 2: tukeiron collected ($5.22)
Seat 3: michasia (button) folded before Flop (didn't bet)
Seat 4: xxxZeka (small blind) folded before Flop
Seat 5: Haalleluja (big blind) folded on the Flop
Seat 6: BoyLoc0 folded before Flop (didn't bet)



PokerStars Hand #254488666973:  Hold'em No Limit ($0.50/$1.00 USD) - 2025/01/21 19:59:04 WET [2025/01/21 14:59:04 ET]
Table 'Walinskia IV' 6-max Seat #5 is the button
Seat 1: Joker007r ($130.72 in chips) 
Seat 2: tukeiron ($131.61 in chips) 
Seat 3: michasia ($236.75 in chips) 
Seat 4: xxxZeka ($100 in chips) 
Seat 5: Haalleluja ($89.42 in chips) 
Seat 6: BoyLoc0 ($100 in chips) 
BoyLoc0: posts small blind $0.50
Joker007r: posts big blind $1
*** HOLE CARDS ***
tukeiron: folds 
michasia: raises $1.60 to $2.60
xxxZeka: folds 
Haalleluja: calls $2.60
BoyLoc0: raises $11.40 to $14
Joker007r: folds 
michasia: raises $222.75 to $236.75 and is all-in
Haalleluja: folds 
BoyLoc0: calls $86 and is all-in
Uncalled bet ($136.75) returned to michasia
*** FLOP *** [8c 8s Qc]
*** TURN *** [8c 8s Qc] [8h]
*** RIVER *** [8c 8s Qc 8h] [5c]
*** SHOW DOWN ***
BoyLoc0: shows [Jc Js] (a full house, Eights full of Jacks)
michasia: shows [Ad Kd] (three of a kind, Eights)
BoyLoc0 collected $201.10 from pot
*** SUMMARY ***
Total pot $203.60 | Rake $2.50 
Board [8c 8s Qc 8h 5c]
Seat 1: Joker007r (big blind) folded before Flop
Seat 2: tukeiron folded before Flop (didn't bet)
Seat 3: michasia showed [Ad Kd] and lost with three of a kind, Eights
Seat 4: xxxZeka folded before Flop (didn't bet)
Seat 5: Haalleluja (button) folded before Flop
Seat 6: BoyLoc0 (small blind) showed [Jc Js] and won ($201.10) with a full house, Eights full of Jacks



PokerStars Hand #254488678001:  Hold'em No Limit ($0.50/$1.00 USD) - 2025/01/21 19:59:54 WET [2025/01/21 14:59:54 ET]
Table 'Walinskia IV' 6-max Seat #6 is the button
Seat 1: Joker007r ($129.72 in chips) 
Seat 2: tukeiron ($131.61 in chips) 
Seat 3: michasia ($136.75 in chips) 
Seat 4: xxxZeka ($100 in chips) 
Seat 5: Haalleluja ($86.82 in chips) 
Seat 6: BoyLoc0 ($201.10 in chips) 
Joker007r: posts small blind $0.50
tukeiron: posts big blind $1
*** HOLE CARDS ***
michasia: folds 
xxxZeka: folds 
Haalleluja: folds 
BoyLoc0: raises $1.50 to $2.50
Joker007r: folds 
tukeiron: folds 
Uncalled bet ($1.50) returned to BoyLoc0
BoyLoc0 collected $2.50 from pot
BoyLoc0: doesn't show hand 
*** SUMMARY ***
Total pot $2.50 | Rake $0 
Seat 1: Joker007r (small blind) folded before Flop
Seat 2: tukeiron (big blind) folded before Flop
Seat 3: michasia folded before Flop (didn't bet)
Seat 4: xxxZeka folded before Flop (didn't bet)
Seat 5: Haalleluja folded before Flop (didn't bet)
Seat 6: BoyLoc0 (button) collected ($2.50)



PokerStars Hand #254488681996:  Hold'em No Limit ($0.50/$1.00 USD) - 2025/01/21 20:00:11 WET [2025/01/21 15:00:11 ET]
Table 'Walinskia IV' 6-max Seat #1 is the button
Seat 1: Joker007r ($129.22 in chips) 
Seat 2: tukeiron ($130.61 in chips) 
Seat 3: michasia ($136.75 in chips) 
Seat 4: xxxZeka ($100 in chips) 
Seat 5: Haalleluja ($86.82 in chips) 
Seat 6: BoyLoc0 ($202.60 in chips) 
tukeiron: posts small blind $0.50
michasia: posts big blind $1
*** HOLE CARDS ***
xxxZeka: folds 
Haalleluja: folds 
BoyLoc0: folds 
Joker007r: raises $1.50 to $2.50
tukeiron: raises $9 to $11.50
michasia: folds 
Joker007r: folds 
Uncalled bet ($9) returned to tukeiron
tukeiron collected $6 from pot
*** SUMMARY ***
Total pot $6 | Rake $0 
Seat 1: Joker007r (button) folded before Flop
Seat 2: tukeiron (small blind) collected ($6)
Seat 3: michasia (big blind) folded before Flop
Seat 4: xxxZeka folded before Flop (didn't bet)
Seat 5: Haalleluja folded before Flop (didn't bet)
Seat 6: BoyLoc0 folded before Flop (didn't bet)



PokerStars Hand #254488692425:  Hold'em No Limit ($0.50/$1.00 USD) - 2025/01/21 20:00:55 WET [2025/01/21 15:00:55 ET]
Table 'Walinskia IV' 6-max Seat #2 is the button
Seat 1: Joker007r ($126.72 in chips) 
Seat 2: tukeiron ($134.11 in chips) 
Seat 3: michasia ($135.75 in chips) 
Seat 4: xxxZeka ($100 in chips) 
Seat 5: Haalleluja ($86.82 in chips) 
Seat 6: BoyLoc0 ($202.60 in chips) 
michasia: posts small blind $0.50
xxxZeka: posts big blind $1
*** HOLE CARDS ***
Haalleluja: folds 
BoyLoc0: folds 
Joker007r: folds 
Haalleluja leaves the table
tukeiron: raises $1.50 to $2.50
michasia: folds 
xxxZeka: calls $1.50
*** FLOP *** [Jd 6h Qh]
xxxZeka: checks 
tukeiron: bets $5.22
CichiChanMarian joins the table at seat #5 
CichiChanMarian leaves the table
xxxZeka: raises $14.78 to $20
tukeiron: folds 
Uncalled bet ($14.78) returned to xxxZeka
xxxZeka collected $15.14 from pot
xxxZeka: doesn't show hand 
*** SUMMARY ***
Total pot $15.94 | Rake $0.80 
Board [Jd 6h Qh]
Seat 1: Joker007r folded before Flop (didn't bet)
Seat 2: tukeiron (button) folded on the Flop
Seat 3: michasia (small blind) folded before Flop
Seat 4: xxxZeka (big blind) collected ($15.14)
Seat 5: Haalleluja folded before Flop (didn't bet)
Seat 6: BoyLoc0 folded before Flop (didn't bet)



PokerStars Hand #254488704825:  Hold'em No Limit ($0.50/$1.00 USD) - 2025/01/21 20:01:41 WET [2025/01/21 15:01:41 ET]
Table 'Walinskia IV' 6-max Seat #3 is the button
Seat 1: Joker007r ($126.72 in chips) 
Seat 2: tukeiron ($126.39 in chips) 
Seat 3: michasia ($135.25 in chips) 
Seat 4: xxxZeka ($107.42 in chips) 
Seat 6: BoyLoc0 ($202.60 in chips) 
xxxZeka: posts small blind $0.50
BoyLoc0: posts big blind $1
*** HOLE CARDS ***
Joker007r: folds 
tukeiron: folds 
michasia: raises $1.80 to $2.80
xxxZeka: folds 
BoyLoc0: calls $1.80
*** FLOP *** [Jh 2d Jc]
BoyLoc0: checks 
michasia: bets $1.91
BoyLoc0: folds 
Uncalled bet ($1.91) returned to michasia
michasia collected $5.80 from pot
michasia: doesn't show hand 
*** SUMMARY ***
Total pot $6.10 | Rake $0.30 
Board [Jh 2d Jc]
Seat 1: Joker007r folded before Flop (didn't bet)
Seat 2: tukeiron folded before Flop (didn't bet)
Seat 3: michasia (button) collected ($5.80)
Seat 4: xxxZeka (small blind) folded before Flop
Seat 6: BoyLoc0 (big blind) folded on the Flop



PokerStars Hand #254488713204:  Hold'em No Limit ($0.50/$1.00 USD) - 2025/01/21 20:02:11 WET [2025/01/21 15:02:11 ET]
Table 'Walinskia IV' 6-max Seat #4 is the button
Seat 1: Joker007r ($126.72 in chips) is sitting out
Seat 2: tukeiron ($126.39 in chips) 
Seat 3: michasia ($138.25 in chips) 
Seat 4: xxxZeka ($106.92 in chips) 
Seat 6: BoyLoc0 ($199.80 in chips) 
BoyLoc0: posts small blind $0.50
Joker007r: is sitting out 
tukeiron: posts big blind $1
*** HOLE CARDS ***
michasia: raises $1.80 to $2.80
Joker007r leaves the table
xxxZeka: folds 
BoyLoc0: folds 
tukeiron: calls $1.80
*** FLOP *** [7d 5s Th]
tukeiron: checks 
michasia: bets $1.91
tukeiron: folds 
Uncalled bet ($1.91) returned to michasia
michasia collected $5.80 from pot
michasia: doesn't show hand 
tukeiron leaves the table
*** SUMMARY ***
Total pot $6.10 | Rake $0.30 
Board [7d 5s Th]
Seat 1: Joker007r
Seat 2: tukeiron (big blind) folded on the Flop
Seat 3: michasia collected ($5.80)
Seat 4: xxxZeka (button) folded before Flop (didn't bet)
Seat 6: BoyLoc0 (small blind) folded before Flop



PokerStars Hand #254488720255:  Hold'em No Limit ($0.50/$1.00 USD) - 2025/01/21 20:02:36 WET [2025/01/21 15:02:36 ET]
Table 'Walinskia IV' 6-max Seat #6 is the button
Seat 3: michasia ($141.25 in chips) 
Seat 4: xxxZeka ($106.92 in chips) 
Seat 6: BoyLoc0 ($199.30 in chips) 
michasia: posts small blind $0.50
xxxZeka: posts big blind $1
*** HOLE CARDS ***
BoyLoc0: folds 
michasia: raises $2 to $3
xxxZeka: folds 
Uncalled bet ($2) returned to michasia
michasia collected $2 from pot
michasia: doesn't show hand 
*** SUMMARY ***
Total pot $2 | Rake $0 
Seat 3: michasia (small blind) collected ($2)
Seat 4: xxxZeka (big blind) folded before Flop
Seat 6: BoyLoc0 (button) folded before Flop (didn't bet)



PokerStars Hand #254488725259:  Hold'em No Limit ($0.50/$1.00 USD) - 2025/01/21 20:02:53 WET [2025/01/21 15:02:53 ET]
Table 'Walinskia IV' 6-max Seat #3 is the button
Seat 3: michasia ($142.25 in chips) 
Seat 4: xxxZeka ($105.92 in chips) 
Seat 6: BoyLoc0 ($199.30 in chips) 
xxxZeka: posts small blind $0.50
BoyLoc0: posts big blind $1
*** HOLE CARDS ***
michasia: folds 
xxxZeka: folds 
Uncalled bet ($0.50) returned to BoyLoc0
BoyLoc0 collected $1 from pot
BoyLoc0: doesn't show hand 
*** SUMMARY ***
Total pot $1 | Rake $0 
Seat 3: michasia (button) folded before Flop (didn't bet)
Seat 4: xxxZeka (small blind) folded before Flop
Seat 6: BoyLoc0 (big blind) collected ($1)



PokerStars Hand #254488727651:  Hold'em No Limit ($0.50/$1.00 USD) - 2025/01/21 20:03:00 WET [2025/01/21 15:03:00 ET]
Table 'Walinskia IV' 6-max Seat #6 is the button
Seat 3: michasia ($142.25 in chips) is sitting out
Seat 4: xxxZeka ($105.42 in chips) 
Seat 6: BoyLoc0 ($199.80 in chips) 
BoyLoc0: posts small blind $0.50
michasia: is sitting out 
xxxZeka: posts big blind $1
*** HOLE CARDS ***
michasia leaves the table
BoyLoc0: raises $1.50 to $2.50
xxxZeka: folds 
Uncalled bet ($1.50) returned to BoyLoc0
BoyLoc0 collected $2 from pot
BoyLoc0: doesn't show hand 
*** SUMMARY ***
Total pot $2 | Rake $0 
Seat 3: michasia
Seat 4: xxxZeka (big blind) folded before Flop
Seat 6: BoyLoc0 (button) (small blind) collected ($2)



