PokerStars Hand #254483647083:  Hold'em No Limit ($0.50/$1.00 USD) - 2025/01/21 14:04:01 WET [2025/01/21 9:04:01 ET]
Table 'Anhui III' 6-max Seat #4 is the button
Seat 1: Rysiff ($100 in chips) 
Seat 2: Evelexy1 ($100 in chips) 
Seat 3: v.sting ($100 in chips) 
Seat 4: ESTMULK ($44.74 in chips) 
Seat 5: blistein ($100 in chips) 
Seat 6: Eredar5 ($100 in chips) 
blistein: posts small blind $0.50
Eredar5: posts big blind $1
*** HOLE CARDS ***
Rysiff: folds 
Evelexy1: folds 
v.sting: folds 
ESTMULK: folds 
blistein: folds 
Uncalled bet ($0.50) returned to Eredar5
Eredar5 collected $1 from pot
Eredar5: doesn't show hand 
*** SUMMARY ***
Total pot $1 | Rake $0 
Seat 1: Rysiff folded before Flop (didn't bet)
Seat 2: Evelexy1 folded before Flop (didn't bet)
Seat 3: v.sting folded before Flop (didn't bet)
Seat 4: ESTMULK (button) folded before Flop (didn't bet)
Seat 5: blistein (small blind) folded before Flop
Seat 6: Eredar5 (big blind) collected ($1)



PokerStars Hand #254483649056:  Hold'em No Limit ($0.50/$1.00 USD) - 2025/01/21 14:04:13 WET [2025/01/21 9:04:13 ET]
Table 'Anhui III' 6-max Seat #5 is the button
Seat 1: Rysiff ($100 in chips) 
Seat 2: Evelexy1 ($100 in chips) 
Seat 3: v.sting ($100 in chips) 
Seat 4: ESTMULK ($44.74 in chips) 
Seat 5: blistein ($100 in chips) 
Seat 6: Eredar5 ($100.50 in chips) 
Eredar5: posts small blind $0.50
Rysiff: posts big blind $1
*** HOLE CARDS ***
Evelexy1: folds 
v.sting: folds 
ESTMULK: folds 
blistein: raises $1.50 to $2.50
Eredar5: raises $9.50 to $12
Rysiff: folds 
blistein: folds 
Uncalled bet ($9.50) returned to Eredar5
Eredar5 collected $6 from pot
Eredar5: doesn't show hand 
*** SUMMARY ***
Total pot $6 | Rake $0 
Seat 1: Rysiff (big blind) folded before Flop
Seat 2: Evelexy1 folded before Flop (didn't bet)
Seat 3: v.sting folded before Flop (didn't bet)
Seat 4: ESTMULK folded before Flop (didn't bet)
Seat 5: blistein (button) folded before Flop
Seat 6: Eredar5 (small blind) collected ($6)



PokerStars Hand #254483654016:  Hold'em No Limit ($0.50/$1.00 USD) - 2025/01/21 14:04:42 WET [2025/01/21 9:04:42 ET]
Table 'Anhui III' 6-max Seat #6 is the button
Seat 1: Rysiff ($100 in chips) 
Seat 2: Evelexy1 ($100 in chips) 
Seat 3: v.sting ($100 in chips) 
Seat 4: ESTMULK ($44.74 in chips) 
Seat 5: blistein ($100 in chips) 
Seat 6: Eredar5 ($104 in chips) 
Rysiff: posts small blind $0.50
Evelexy1: posts big blind $1
*** HOLE CARDS ***
v.sting: folds 
ESTMULK: folds 
blistein: folds 
Eredar5: folds 
Rysiff: folds 
Uncalled bet ($0.50) returned to Evelexy1
Evelexy1 collected $1 from pot
Evelexy1: doesn't show hand 
*** SUMMARY ***
Total pot $1 | Rake $0 
Seat 1: Rysiff (small blind) folded before Flop
Seat 2: Evelexy1 (big blind) collected ($1)
Seat 3: v.sting folded before Flop (didn't bet)
Seat 4: ESTMULK folded before Flop (didn't bet)
Seat 5: blistein folded before Flop (didn't bet)
Seat 6: Eredar5 (button) folded before Flop (didn't bet)



PokerStars Hand #254483656357:  Hold'em No Limit ($0.50/$1.00 USD) - 2025/01/21 14:04:56 WET [2025/01/21 9:04:56 ET]
Table 'Anhui III' 6-max Seat #1 is the button
Seat 1: Rysiff ($100 in chips) 
Seat 2: Evelexy1 ($100.50 in chips) 
Seat 3: v.sting ($100 in chips) 
Seat 4: ESTMULK ($44.74 in chips) 
Seat 5: blistein ($100 in chips) 
Seat 6: Eredar5 ($104 in chips) 
Evelexy1: posts small blind $0.50
v.sting: posts big blind $1
*** HOLE CARDS ***
ESTMULK: folds 
blistein: folds 
Eredar5: folds 
Rysiff: folds 
Evelexy1: raises $1.50 to $2.50
v.sting: folds 
Uncalled bet ($1.50) returned to Evelexy1
Evelexy1 collected $2 from pot
Evelexy1: doesn't show hand 
*** SUMMARY ***
Total pot $2 | Rake $0 
Seat 1: Rysiff (button) folded before Flop (didn't bet)
Seat 2: Evelexy1 (small blind) collected ($2)
Seat 3: v.sting (big blind) folded before Flop
Seat 4: ESTMULK folded before Flop (didn't bet)
Seat 5: blistein folded before Flop (didn't bet)
Seat 6: Eredar5 folded before Flop (didn't bet)



PokerStars Hand #254483660674:  Hold'em No Limit ($0.50/$1.00 USD) - 2025/01/21 14:05:22 WET [2025/01/21 9:05:22 ET]
Table 'Anhui III' 6-max Seat #2 is the button
Seat 1: Rysiff ($100 in chips) 
Seat 2: Evelexy1 ($101.50 in chips) 
Seat 3: v.sting ($100 in chips) 
Seat 4: ESTMULK ($44.74 in chips) 
Seat 5: blistein ($100 in chips) 
Seat 6: Eredar5 ($104 in chips) 
v.sting: posts small blind $0.50
ESTMULK: posts big blind $1
*** HOLE CARDS ***
blistein: folds 
Eredar5: folds 
Rysiff: folds 
Evelexy1: folds 
v.sting: raises $2 to $3
ESTMULK: calls $2
*** FLOP *** [8c 2s 5h]
v.sting: checks 
ESTMULK: checks 
*** TURN *** [8c 2s 5h] [8s]
v.sting: bets $1.43
ESTMULK: calls $1.43
*** RIVER *** [8c 2s 5h 8s] [2d]
v.sting: bets $6.32
ESTMULK: folds 
Uncalled bet ($6.32) returned to v.sting
v.sting collected $8.42 from pot
v.sting: doesn't show hand 
*** SUMMARY ***
Total pot $8.86 | Rake $0.44 
Board [8c 2s 5h 8s 2d]
Seat 1: Rysiff folded before Flop (didn't bet)
Seat 2: Evelexy1 (button) folded before Flop (didn't bet)
Seat 3: v.sting (small blind) collected ($8.42)
Seat 4: ESTMULK (big blind) folded on the River
Seat 5: blistein folded before Flop (didn't bet)
Seat 6: Eredar5 folded before Flop (didn't bet)



PokerStars Hand #254483669476:  Hold'em No Limit ($0.50/$1.00 USD) - 2025/01/21 14:06:13 WET [2025/01/21 9:06:13 ET]
Table 'Anhui III' 6-max Seat #3 is the button
Seat 1: Rysiff ($100 in chips) 
Seat 2: Evelexy1 ($101.50 in chips) 
Seat 3: v.sting ($103.99 in chips) 
Seat 4: ESTMULK ($40.31 in chips) 
Seat 5: blistein ($100 in chips) 
Seat 6: Eredar5 ($104 in chips) 
ESTMULK: posts small blind $0.50
blistein: posts big blind $1
*** HOLE CARDS ***
Eredar5: folds 
Rysiff: raises $1.50 to $2.50
Evelexy1: calls $2.50
v.sting: folds 
ESTMULK: calls $2
blistein: folds 
*** FLOP *** [Jd Th 8s]
ESTMULK: bets $4.04
Rysiff: raises $8.08 to $12.12
Evelexy1: calls $12.12
ESTMULK: raises $25.69 to $37.81 and is all-in
Rysiff: calls $25.69
Evelexy1: raises $61.19 to $99 and is all-in
Rysiff: folds 
Uncalled bet ($61.19) returned to Evelexy1
*** TURN *** [Jd Th 8s] [Js]
*** RIVER *** [Jd Th 8s Js] [9d]
*** SHOW DOWN ***
ESTMULK: shows [Kd 9h] (two pair, Jacks and Nines)
Evelexy1: shows [Tc Jc] (a full house, Jacks full of Tens)
Evelexy1 collected $119.43 from pot
*** SUMMARY ***
Total pot $121.93 | Rake $2.50 
Board [Jd Th 8s Js 9d]
Seat 1: Rysiff folded on the Flop
Seat 2: Evelexy1 showed [Tc Jc] and won ($119.43) with a full house, Jacks full of Tens
Seat 3: v.sting (button) folded before Flop (didn't bet)
Seat 4: ESTMULK (small blind) showed [Kd 9h] and lost with two pair, Jacks and Nines
Seat 5: blistein (big blind) folded before Flop
Seat 6: Eredar5 folded before Flop (didn't bet)



PokerStars Hand #254483680652:  Hold'em No Limit ($0.50/$1.00 USD) - 2025/01/21 14:07:19 WET [2025/01/21 9:07:19 ET]
Table 'Anhui III' 6-max Seat #5 is the button
Seat 4: ESTMULK ($0 in chips) is sitting out
Seat 1: Rysiff ($100 in chips) 
Seat 2: Evelexy1 ($180.62 in chips) 
Seat 3: v.sting ($103.99 in chips) 
Seat 5: blistein ($100 in chips) 
Seat 6: Eredar5 ($104 in chips) 
Eredar5: posts small blind $0.50
Rysiff: posts big blind $1
*** HOLE CARDS ***
Evelexy1: folds 
v.sting: folds 
blistein: raises $1.50 to $2.50
Eredar5: folds 
Rysiff: raises $9.50 to $12
blistein: folds 
Uncalled bet ($9.50) returned to Rysiff
Rysiff collected $5.50 from pot
Rysiff: doesn't show hand 
*** SUMMARY ***
Total pot $5.50 | Rake $0 
Seat 4: ESTMULK
Seat 1: Rysiff (big blind) collected ($5.50)
Seat 2: Evelexy1 folded before Flop (didn't bet)
Seat 3: v.sting folded before Flop (didn't bet)
Seat 5: blistein (button) folded before Flop
Seat 6: Eredar5 (small blind) folded before Flop



PokerStars Hand #254483684088:  Hold'em No Limit ($0.50/$1.00 USD) - 2025/01/21 14:07:39 WET [2025/01/21 9:07:39 ET]
Table 'Anhui III' 6-max Seat #6 is the button
Seat 1: Rysiff ($103 in chips) 
Seat 2: Evelexy1 ($180.62 in chips) 
Seat 3: v.sting ($103.99 in chips) 
Seat 4: ESTMULK ($100 in chips) 
Seat 5: blistein ($100 in chips) 
Seat 6: Eredar5 ($103.50 in chips) 
Rysiff: posts small blind $0.50
Evelexy1: posts big blind $1
*** HOLE CARDS ***
v.sting: folds 
ESTMULK: calls $1
blistein: raises $2.50 to $3.50
Eredar5: folds 
Rysiff: raises $10.50 to $14
Evelexy1: folds 
ESTMULK: folds 
blistein: folds 
Uncalled bet ($10.50) returned to Rysiff
Rysiff collected $9 from pot
Rysiff: doesn't show hand 
*** SUMMARY ***
Total pot $9 | Rake $0 
Seat 1: Rysiff (small blind) collected ($9)
Seat 2: Evelexy1 (big blind) folded before Flop
Seat 3: v.sting folded before Flop (didn't bet)
Seat 4: ESTMULK folded before Flop
Seat 5: blistein folded before Flop
Seat 6: Eredar5 (button) folded before Flop (didn't bet)



PokerStars Hand #254483688920:  Hold'em No Limit ($0.50/$1.00 USD) - 2025/01/21 14:08:07 WET [2025/01/21 9:08:07 ET]
Table 'Anhui III' 6-max Seat #1 is the button
Seat 1: Rysiff ($108.50 in chips) 
Seat 2: Evelexy1 ($179.62 in chips) 
Seat 3: v.sting ($103.99 in chips) 
Seat 4: ESTMULK ($99 in chips) 
Seat 5: blistein ($100 in chips) 
Seat 6: Eredar5 ($103.50 in chips) 
Evelexy1: posts small blind $0.50
v.sting: posts big blind $1
*** HOLE CARDS ***
ESTMULK: folds 
blistein: folds 
Eredar5: raises $1.50 to $2.50
Rysiff: folds 
Evelexy1: folds 
v.sting: calls $1.50
*** FLOP *** [As 4h Qc]
v.sting: checks 
Eredar5: bets $1.77
v.sting: folds 
Uncalled bet ($1.77) returned to Eredar5
Eredar5 collected $5.22 from pot
Eredar5: doesn't show hand 
*** SUMMARY ***
Total pot $5.50 | Rake $0.28 
Board [As 4h Qc]
Seat 1: Rysiff (button) folded before Flop (didn't bet)
Seat 2: Evelexy1 (small blind) folded before Flop
Seat 3: v.sting (big blind) folded on the Flop
Seat 4: ESTMULK folded before Flop (didn't bet)
Seat 5: blistein folded before Flop (didn't bet)
Seat 6: Eredar5 collected ($5.22)



PokerStars Hand #254483696580:  Hold'em No Limit ($0.50/$1.00 USD) - 2025/01/21 14:08:52 WET [2025/01/21 9:08:52 ET]
Table 'Anhui III' 6-max Seat #2 is the button
Seat 1: Rysiff ($108.50 in chips) 
Seat 2: Evelexy1 ($179.12 in chips) 
Seat 3: v.sting ($101.49 in chips) 
Seat 4: ESTMULK ($99 in chips) 
Seat 5: blistein ($100 in chips) 
Seat 6: Eredar5 ($106.22 in chips) 
v.sting: posts small blind $0.50
ESTMULK: posts big blind $1
*** HOLE CARDS ***
blistein: folds 
Eredar5: folds 
Rysiff: folds 
Evelexy1: raises $2 to $3
v.sting: folds 
ESTMULK: folds 
Uncalled bet ($2) returned to Evelexy1
Evelexy1 collected $2.50 from pot
Evelexy1: doesn't show hand 
*** SUMMARY ***
Total pot $2.50 | Rake $0 
Seat 1: Rysiff folded before Flop (didn't bet)
Seat 2: Evelexy1 (button) collected ($2.50)
Seat 3: v.sting (small blind) folded before Flop
Seat 4: ESTMULK (big blind) folded before Flop
Seat 5: blistein folded before Flop (didn't bet)
Seat 6: Eredar5 folded before Flop (didn't bet)



PokerStars Hand #254483700643:  Hold'em No Limit ($0.50/$1.00 USD) - 2025/01/21 14:09:16 WET [2025/01/21 9:09:16 ET]
Table 'Anhui III' 6-max Seat #3 is the button
Seat 1: Rysiff ($108.50 in chips) 
Seat 2: Evelexy1 ($180.62 in chips) 
Seat 3: v.sting ($100.99 in chips) 
Seat 4: ESTMULK ($98 in chips) 
Seat 5: blistein ($100 in chips) 
Seat 6: Eredar5 ($106.22 in chips) 
ESTMULK: posts small blind $0.50
blistein: posts big blind $1
*** HOLE CARDS ***
Eredar5: folds 
Rysiff: folds 
Evelexy1: folds 
v.sting: raises $1.10 to $2.10
ESTMULK: raises $1.10 to $3.20
blistein: folds 
v.sting: folds 
Uncalled bet ($1.10) returned to ESTMULK
ESTMULK collected $5.20 from pot
*** SUMMARY ***
Total pot $5.20 | Rake $0 
Seat 1: Rysiff folded before Flop (didn't bet)
Seat 2: Evelexy1 folded before Flop (didn't bet)
Seat 3: v.sting (button) folded before Flop
Seat 4: ESTMULK (small blind) collected ($5.20)
Seat 5: blistein (big blind) folded before Flop
Seat 6: Eredar5 folded before Flop (didn't bet)



PokerStars Hand #254483703801:  Hold'em No Limit ($0.50/$1.00 USD) - 2025/01/21 14:09:34 WET [2025/01/21 9:09:34 ET]
Table 'Anhui III' 6-max Seat #4 is the button
Seat 1: Rysiff ($108.50 in chips) 
Seat 2: Evelexy1 ($180.62 in chips) 
Seat 3: v.sting ($100 in chips) 
Seat 4: ESTMULK ($101.10 in chips) 
Seat 5: blistein ($100 in chips) 
Seat 6: Eredar5 ($106.22 in chips) 
blistein: posts small blind $0.50
Eredar5: posts big blind $1
*** HOLE CARDS ***
Rysiff: folds 
Evelexy1: raises $1 to $2
v.sting: raises $5.25 to $7.25
ESTMULK: raises $93.85 to $101.10 and is all-in
blistein: folds 
Eredar5: folds 
Evelexy1: folds 
v.sting: folds 
Uncalled bet ($93.85) returned to ESTMULK
ESTMULK collected $18 from pot
*** SUMMARY ***
Total pot $18 | Rake $0 
Seat 1: Rysiff folded before Flop (didn't bet)
Seat 2: Evelexy1 folded before Flop
Seat 3: v.sting folded before Flop
Seat 4: ESTMULK (button) collected ($18)
Seat 5: blistein (small blind) folded before Flop
Seat 6: Eredar5 (big blind) folded before Flop



PokerStars Hand #254483710127:  Hold'em No Limit ($0.50/$1.00 USD) - 2025/01/21 14:10:11 WET [2025/01/21 9:10:11 ET]
Table 'Anhui III' 6-max Seat #5 is the button
Seat 1: Rysiff ($108.50 in chips) 
Seat 2: Evelexy1 ($178.62 in chips) 
Seat 3: v.sting ($100 in chips) 
Seat 4: ESTMULK ($111.85 in chips) 
Seat 5: blistein ($100 in chips) 
Seat 6: Eredar5 ($105.22 in chips) 
Eredar5: posts small blind $0.50
Rysiff: posts big blind $1
*** HOLE CARDS ***
Evelexy1: raises $1 to $2
v.sting: folds 
ESTMULK: folds 
blistein: folds 
Eredar5: raises $9 to $11
Rysiff: folds 
Evelexy1: folds 
Uncalled bet ($9) returned to Eredar5
Eredar5 collected $5 from pot
Eredar5: doesn't show hand 
*** SUMMARY ***
Total pot $5 | Rake $0 
Seat 1: Rysiff (big blind) folded before Flop
Seat 2: Evelexy1 folded before Flop
Seat 3: v.sting folded before Flop (didn't bet)
Seat 4: ESTMULK folded before Flop (didn't bet)
Seat 5: blistein (button) folded before Flop (didn't bet)
Seat 6: Eredar5 (small blind) collected ($5)



PokerStars Hand #254483713144:  Hold'em No Limit ($0.50/$1.00 USD) - 2025/01/21 14:10:29 WET [2025/01/21 9:10:29 ET]
Table 'Anhui III' 6-max Seat #6 is the button
Seat 1: Rysiff ($107.50 in chips) 
Seat 2: Evelexy1 ($176.62 in chips) 
Seat 3: v.sting ($100 in chips) 
Seat 4: ESTMULK ($111.85 in chips) 
Seat 5: blistein ($100 in chips) 
Seat 6: Eredar5 ($108.22 in chips) 
Rysiff: posts small blind $0.50
Evelexy1: posts big blind $1
*** HOLE CARDS ***
v.sting: folds 
ESTMULK: folds 
blistein: folds 
Eredar5: raises $1.50 to $2.50
Rysiff: raises $8.50 to $11
Evelexy1: folds 
Eredar5: folds 
Uncalled bet ($8.50) returned to Rysiff
Rysiff collected $6 from pot
Rysiff: doesn't show hand 
*** SUMMARY ***
Total pot $6 | Rake $0 
Seat 1: Rysiff (small blind) collected ($6)
Seat 2: Evelexy1 (big blind) folded before Flop
Seat 3: v.sting folded before Flop (didn't bet)
Seat 4: ESTMULK folded before Flop (didn't bet)
Seat 5: blistein folded before Flop (didn't bet)
Seat 6: Eredar5 (button) folded before Flop



PokerStars Hand #254483719323:  Hold'em No Limit ($0.50/$1.00 USD) - 2025/01/21 14:11:05 WET [2025/01/21 9:11:05 ET]
Table 'Anhui III' 6-max Seat #1 is the button
Seat 1: Rysiff ($111 in chips) 
Seat 2: Evelexy1 ($175.62 in chips) 
Seat 3: v.sting ($100 in chips) 
Seat 4: ESTMULK ($111.85 in chips) 
Seat 5: blistein ($100 in chips) 
Seat 6: Eredar5 ($105.72 in chips) 
Evelexy1: posts small blind $0.50
v.sting: posts big blind $1
*** HOLE CARDS ***
ESTMULK: calls $1
blistein: folds 
Eredar5: raises $3 to $4
Rysiff: folds 
Evelexy1: folds 
v.sting: folds 
ESTMULK: folds 
Uncalled bet ($3) returned to Eredar5
Eredar5 collected $3.50 from pot
Eredar5: doesn't show hand 
*** SUMMARY ***
Total pot $3.50 | Rake $0 
Seat 1: Rysiff (button) folded before Flop (didn't bet)
Seat 2: Evelexy1 (small blind) folded before Flop
Seat 3: v.sting (big blind) folded before Flop
Seat 4: ESTMULK folded before Flop
Seat 5: blistein folded before Flop (didn't bet)
Seat 6: Eredar5 collected ($3.50)



PokerStars Hand #254483722568:  Hold'em No Limit ($0.50/$1.00 USD) - 2025/01/21 14:11:24 WET [2025/01/21 9:11:24 ET]
Table 'Anhui III' 6-max Seat #2 is the button
Seat 1: Rysiff ($111 in chips) 
Seat 2: Evelexy1 ($175.12 in chips) 
Seat 3: v.sting ($100 in chips) 
Seat 4: ESTMULK ($110.85 in chips) 
Seat 5: blistein ($100 in chips) 
Seat 6: Eredar5 ($108.22 in chips) 
v.sting: posts small blind $0.50
ESTMULK: posts big blind $1
*** HOLE CARDS ***
blistein: folds 
Eredar5: folds 
Rysiff: folds 
Evelexy1: raises $2 to $3
v.sting: folds 
ESTMULK: folds 
Uncalled bet ($2) returned to Evelexy1
Evelexy1 collected $2.50 from pot
Evelexy1: doesn't show hand 
*** SUMMARY ***
Total pot $2.50 | Rake $0 
Seat 1: Rysiff folded before Flop (didn't bet)
Seat 2: Evelexy1 (button) collected ($2.50)
Seat 3: v.sting (small blind) folded before Flop
Seat 4: ESTMULK (big blind) folded before Flop
Seat 5: blistein folded before Flop (didn't bet)
Seat 6: Eredar5 folded before Flop (didn't bet)



PokerStars Hand #254483725027:  Hold'em No Limit ($0.50/$1.00 USD) - 2025/01/21 14:11:39 WET [2025/01/21 9:11:39 ET]
Table 'Anhui III' 6-max Seat #3 is the button
Seat 1: Rysiff ($111 in chips) 
Seat 2: Evelexy1 ($176.62 in chips) 
Seat 3: v.sting ($100 in chips) 
Seat 4: ESTMULK ($109.85 in chips) 
Seat 5: blistein ($100 in chips) 
Seat 6: Eredar5 ($108.22 in chips) 
ESTMULK: posts small blind $0.50
blistein: posts big blind $1
*** HOLE CARDS ***
Eredar5: folds 
Rysiff: folds 
Evelexy1: folds 
v.sting: raises $1.10 to $2.10
ESTMULK: calls $1.60
blistein: folds 
*** FLOP *** [Ks Qs 5d]
ESTMULK: bets $1
v.sting: folds 
Uncalled bet ($1) returned to ESTMULK
ESTMULK collected $4.94 from pot
*** SUMMARY ***
Total pot $5.20 | Rake $0.26 
Board [Ks Qs 5d]
Seat 1: Rysiff folded before Flop (didn't bet)
Seat 2: Evelexy1 folded before Flop (didn't bet)
Seat 3: v.sting (button) folded on the Flop
Seat 4: ESTMULK (small blind) collected ($4.94)
Seat 5: blistein (big blind) folded before Flop
Seat 6: Eredar5 folded before Flop (didn't bet)



PokerStars Hand #254483729321:  Hold'em No Limit ($0.50/$1.00 USD) - 2025/01/21 14:12:03 WET [2025/01/21 9:12:03 ET]
Table 'Anhui III' 6-max Seat #4 is the button
Seat 1: Rysiff ($111 in chips) 
Seat 2: Evelexy1 ($176.62 in chips) 
Seat 3: v.sting ($100 in chips) 
Seat 4: ESTMULK ($112.69 in chips) 
Seat 5: blistein ($100 in chips) 
Seat 6: Eredar5 ($108.22 in chips) 
blistein: posts small blind $0.50
Eredar5: posts big blind $1
*** HOLE CARDS ***
Rysiff: folds 
Evelexy1: raises $1 to $2
v.sting: folds 
ESTMULK: folds 
blistein: folds 
Eredar5: raises $10 to $12
Evelexy1: folds 
Uncalled bet ($10) returned to Eredar5
Eredar5 collected $4.50 from pot
Eredar5: doesn't show hand 
*** SUMMARY ***
Total pot $4.50 | Rake $0 
Seat 1: Rysiff folded before Flop (didn't bet)
Seat 2: Evelexy1 folded before Flop
Seat 3: v.sting folded before Flop (didn't bet)
Seat 4: ESTMULK (button) folded before Flop (didn't bet)
Seat 5: blistein (small blind) folded before Flop
Seat 6: Eredar5 (big blind) collected ($4.50)



PokerStars Hand #254483732893:  Hold'em No Limit ($0.50/$1.00 USD) - 2025/01/21 14:12:24 WET [2025/01/21 9:12:24 ET]
Table 'Anhui III' 6-max Seat #5 is the button
Seat 1: Rysiff ($111 in chips) 
Seat 2: Evelexy1 ($174.62 in chips) 
Seat 3: v.sting ($100 in chips) 
Seat 4: ESTMULK ($112.69 in chips) 
Seat 5: blistein ($100 in chips) 
Seat 6: Eredar5 ($110.72 in chips) 
Eredar5: posts small blind $0.50
Rysiff: posts big blind $1
*** HOLE CARDS ***
Evelexy1: folds 
v.sting: raises $1.50 to $2.50
ESTMULK: calls $2.50
blistein: folds 
Eredar5: raises $11 to $13.50
Rysiff: folds 
v.sting: folds 
ESTMULK: folds 
Uncalled bet ($11) returned to Eredar5
Eredar5 collected $8.50 from pot
Eredar5: doesn't show hand 
*** SUMMARY ***
Total pot $8.50 | Rake $0 
Seat 1: Rysiff (big blind) folded before Flop
Seat 2: Evelexy1 folded before Flop (didn't bet)
Seat 3: v.sting folded before Flop
Seat 4: ESTMULK folded before Flop
Seat 5: blistein (button) folded before Flop (didn't bet)
Seat 6: Eredar5 (small blind) collected ($8.50)



PokerStars Hand #254483743085:  Hold'em No Limit ($0.50/$1.00 USD) - 2025/01/21 14:13:24 WET [2025/01/21 9:13:24 ET]
Table 'Anhui III' 6-max Seat #6 is the button
Seat 1: Rysiff ($110 in chips) 
Seat 2: Evelexy1 ($174.62 in chips) 
Seat 3: v.sting ($100 in chips) 
Seat 4: ESTMULK ($110.19 in chips) 
Seat 5: blistein ($100 in chips) 
Seat 6: Eredar5 ($116.72 in chips) 
Rysiff: posts small blind $0.50
Evelexy1: posts big blind $1
*** HOLE CARDS ***
v.sting: folds 
ESTMULK: calls $1
blistein: folds 
Eredar5: folds 
Rysiff: calls $0.50
Evelexy1: checks 
*** FLOP *** [4h 7h 8h]
Rysiff: checks 
Evelexy1: checks 
ESTMULK: checks 
*** TURN *** [4h 7h 8h] [Qc]
Rysiff: bets $3
Evelexy1: calls $3
ESTMULK: calls $3
*** RIVER *** [4h 7h 8h Qc] [Ah]
Rysiff: bets $11
Evelexy1: folds 
ESTMULK: calls $11
*** SHOW DOWN ***
Rysiff: shows [6c Tc] (high card Ace)
ESTMULK: shows [Jh 9d] (a flush, Ace high)
ESTMULK collected $32.30 from pot
*** SUMMARY ***
Total pot $34 | Rake $1.70 
Board [4h 7h 8h Qc Ah]
Seat 1: Rysiff (small blind) showed [6c Tc] and lost with high card Ace
Seat 2: Evelexy1 (big blind) folded on the River
Seat 3: v.sting folded before Flop (didn't bet)
Seat 4: ESTMULK showed [Jh 9d] and won ($32.30) with a flush, Ace high
Seat 5: blistein folded before Flop (didn't bet)
Seat 6: Eredar5 (button) folded before Flop (didn't bet)



PokerStars Hand #254483751222:  Hold'em No Limit ($0.50/$1.00 USD) - 2025/01/21 14:14:11 WET [2025/01/21 9:14:11 ET]
Table 'Anhui III' 6-max Seat #1 is the button
Seat 1: Rysiff ($100 in chips) 
Seat 2: Evelexy1 ($170.62 in chips) 
Seat 3: v.sting ($100 in chips) 
Seat 4: ESTMULK ($127.49 in chips) 
Seat 5: blistein ($100 in chips) 
Seat 6: Eredar5 ($116.72 in chips) 
Evelexy1: posts small blind $0.50
v.sting: posts big blind $1
*** HOLE CARDS ***
ESTMULK: calls $1
blistein: folds 
Eredar5: folds 
Rysiff: raises $5 to $6
Evelexy1: folds 
v.sting: folds 
ESTMULK: calls $5
*** FLOP *** [8c 8d Td]
ESTMULK: checks 
Rysiff: bets $6.41
ESTMULK: calls $6.41
*** TURN *** [8c 8d Td] [Ts]
ESTMULK: checks 
Rysiff: bets $12.50
ESTMULK: calls $12.50
*** RIVER *** [8c 8d Td Ts] [Kd]
ESTMULK: checks 
Rysiff: bets $24.41
ESTMULK: calls $24.41
*** SHOW DOWN ***
Rysiff: shows [7d 7c] (two pair, Tens and Eights)
ESTMULK: shows [Ks 4c] (two pair, Kings and Tens)
ESTMULK collected $97.64 from pot
*** SUMMARY ***
Total pot $100.14 | Rake $2.50 
Board [8c 8d Td Ts Kd]
Seat 1: Rysiff (button) showed [7d 7c] and lost with two pair, Tens and Eights
Seat 2: Evelexy1 (small blind) folded before Flop
Seat 3: v.sting (big blind) folded before Flop
Seat 4: ESTMULK showed [Ks 4c] and won ($97.64) with two pair, Kings and Tens
Seat 5: blistein folded before Flop (didn't bet)
Seat 6: Eredar5 folded before Flop (didn't bet)



PokerStars Hand #254483761745:  Hold'em No Limit ($0.50/$1.00 USD) - 2025/01/21 14:15:12 WET [2025/01/21 9:15:12 ET]
Table 'Anhui III' 6-max Seat #2 is the button
Seat 1: Rysiff ($100 in chips) 
Seat 2: Evelexy1 ($170.12 in chips) 
Seat 3: v.sting ($100 in chips) 
Seat 4: ESTMULK ($175.81 in chips) 
Seat 5: blistein ($100 in chips) 
Seat 6: Eredar5 ($116.72 in chips) 
v.sting: posts small blind $0.50
ESTMULK: posts big blind $1
*** HOLE CARDS ***
blistein: folds 
Eredar5: folds 
Rysiff: folds 
Evelexy1: raises $2 to $3
v.sting: folds 
ESTMULK: calls $2
*** FLOP *** [2c 4d 6s]
ESTMULK: checks 
Evelexy1: bets $3.09
ESTMULK: calls $3.09
*** TURN *** [2c 4d 6s] [Jd]
ESTMULK: checks 
Evelexy1: bets $9.04
ESTMULK: folds 
Uncalled bet ($9.04) returned to Evelexy1
Evelexy1 collected $12.05 from pot
Evelexy1: doesn't show hand 
*** SUMMARY ***
Total pot $12.68 | Rake $0.63 
Board [2c 4d 6s Jd]
Seat 1: Rysiff folded before Flop (didn't bet)
Seat 2: Evelexy1 (button) collected ($12.05)
Seat 3: v.sting (small blind) folded before Flop
Seat 4: ESTMULK (big blind) folded on the Turn
Seat 5: blistein folded before Flop (didn't bet)
Seat 6: Eredar5 folded before Flop (didn't bet)



PokerStars Hand #254483766655:  Hold'em No Limit ($0.50/$1.00 USD) - 2025/01/21 14:15:40 WET [2025/01/21 9:15:40 ET]
Table 'Anhui III' 6-max Seat #3 is the button
Seat 1: Rysiff ($100 in chips) 
Seat 2: Evelexy1 ($176.08 in chips) 
Seat 3: v.sting ($100 in chips) 
Seat 4: ESTMULK ($169.72 in chips) 
Seat 5: blistein ($100 in chips) 
Seat 6: Eredar5 ($116.72 in chips) 
ESTMULK: posts small blind $0.50
blistein: posts big blind $1
*** HOLE CARDS ***
Eredar5: raises $2 to $3
Rysiff: raises $6 to $9
Evelexy1: folds 
v.sting: folds 
ESTMULK: folds 
blistein: folds 
Eredar5: raises $14.50 to $23.50
Rysiff: folds 
Uncalled bet ($14.50) returned to Eredar5
Eredar5 collected $19.50 from pot
Eredar5: doesn't show hand 
*** SUMMARY ***
Total pot $19.50 | Rake $0 
Seat 1: Rysiff folded before Flop
Seat 2: Evelexy1 folded before Flop (didn't bet)
Seat 3: v.sting (button) folded before Flop (didn't bet)
Seat 4: ESTMULK (small blind) folded before Flop
Seat 5: blistein (big blind) folded before Flop
Seat 6: Eredar5 collected ($19.50)



PokerStars Hand #254483774348:  Hold'em No Limit ($0.50/$1.00 USD) - 2025/01/21 14:16:25 WET [2025/01/21 9:16:25 ET]
Table 'Anhui III' 6-max Seat #4 is the button
Seat 1: Rysiff ($100 in chips) 
Seat 2: Evelexy1 ($176.08 in chips) 
Seat 3: v.sting ($100 in chips) 
Seat 4: ESTMULK ($169.22 in chips) 
Seat 5: blistein ($100 in chips) 
Seat 6: Eredar5 ($127.22 in chips) 
blistein: posts small blind $0.50
Eredar5: posts big blind $1
*** HOLE CARDS ***
Rysiff: folds 
Evelexy1: raises $1 to $2
v.sting: raises $5.25 to $7.25
ESTMULK: calls $7.25
blistein: folds 
Eredar5: folds 
Evelexy1: calls $5.25
*** FLOP *** [2c Td Ac]
Evelexy1: checks 
v.sting: checks 
ESTMULK: bets $11.05
Evelexy1: folds 
v.sting: calls $11.05
*** TURN *** [2c Td Ac] [7c]
v.sting: checks 
ESTMULK: checks 
*** RIVER *** [2c Td Ac 7c] [9c]
v.sting: bets $1
ESTMULK: raises $23.54 to $24.54
v.sting: folds 
Uncalled bet ($23.54) returned to ESTMULK
ESTMULK collected $44.98 from pot
*** SUMMARY ***
Total pot $47.35 | Rake $2.37 
Board [2c Td Ac 7c 9c]
Seat 1: Rysiff folded before Flop (didn't bet)
Seat 2: Evelexy1 folded on the Flop
Seat 3: v.sting folded on the River
Seat 4: ESTMULK (button) collected ($44.98)
Seat 5: blistein (small blind) folded before Flop
Seat 6: Eredar5 (big blind) folded before Flop



PokerStars Hand #254483785676:  Hold'em No Limit ($0.50/$1.00 USD) - 2025/01/21 14:17:31 WET [2025/01/21 9:17:31 ET]
Table 'Anhui III' 6-max Seat #5 is the button
Seat 1: Rysiff ($100 in chips) 
Seat 2: Evelexy1 ($168.83 in chips) 
Seat 3: v.sting ($100 in chips) 
Seat 4: ESTMULK ($194.90 in chips) 
Seat 5: blistein ($100 in chips) 
Seat 6: Eredar5 ($126.22 in chips) 
Eredar5: posts small blind $0.50
Rysiff: posts big blind $1
*** HOLE CARDS ***
Evelexy1: folds 
v.sting: folds 
ESTMULK: calls $1
blistein: raises $2.50 to $3.50
Eredar5: folds 
Rysiff: calls $2.50
ESTMULK: calls $2.50
*** FLOP *** [7d 4h 4c]
Rysiff: checks 
ESTMULK: bets $1
blistein: calls $1
Rysiff: raises $6.73 to $7.73
ESTMULK: calls $6.73
blistein: folds 
*** TURN *** [7d 4h 4c] [3h]
Rysiff: bets $20.87
ESTMULK: calls $20.87
*** RIVER *** [7d 4h 4c 3h] [5h]
Rysiff: bets $67.90 and is all-in
ESTMULK: calls $67.90
*** SHOW DOWN ***
Rysiff: shows [8h 9h] (a flush, Nine high)
ESTMULK: shows [Js 4s] (three of a kind, Fours)
Rysiff collected $202.50 from pot
*** SUMMARY ***
Total pot $205 | Rake $2.50 
Board [7d 4h 4c 3h 5h]
Seat 1: Rysiff (big blind) showed [8h 9h] and won ($202.50) with a flush, Nine high
Seat 2: Evelexy1 folded before Flop (didn't bet)
Seat 3: v.sting folded before Flop (didn't bet)
Seat 4: ESTMULK showed [Js 4s] and lost with three of a kind, Fours
Seat 5: blistein (button) folded on the Flop
Seat 6: Eredar5 (small blind) folded before Flop



PokerStars Hand #254483798606:  Hold'em No Limit ($0.50/$1.00 USD) - 2025/01/21 14:18:46 WET [2025/01/21 9:18:46 ET]
Table 'Anhui III' 6-max Seat #6 is the button
Seat 1: Rysiff ($202.50 in chips) 
Seat 2: Evelexy1 ($168.83 in chips) 
Seat 3: v.sting ($100 in chips) 
Seat 4: ESTMULK ($94.90 in chips) 
Seat 5: blistein ($100 in chips) 
Seat 6: Eredar5 ($125.72 in chips) 
Rysiff: posts small blind $0.50
Evelexy1: posts big blind $1
*** HOLE CARDS ***
v.sting: folds 
ESTMULK: folds 
blistein: raises $1.30 to $2.30
Eredar5: folds 
Rysiff: folds 
Evelexy1: folds 
Uncalled bet ($1.30) returned to blistein
blistein collected $2.50 from pot
blistein: doesn't show hand 
*** SUMMARY ***
Total pot $2.50 | Rake $0 
Seat 1: Rysiff (small blind) folded before Flop
Seat 2: Evelexy1 (big blind) folded before Flop
Seat 3: v.sting folded before Flop (didn't bet)
Seat 4: ESTMULK folded before Flop (didn't bet)
Seat 5: blistein collected ($2.50)
Seat 6: Eredar5 (button) folded before Flop (didn't bet)



PokerStars Hand #254483801075:  Hold'em No Limit ($0.50/$1.00 USD) - 2025/01/21 14:19:01 WET [2025/01/21 9:19:01 ET]
Table 'Anhui III' 6-max Seat #1 is the button
Seat 1: Rysiff ($202 in chips) 
Seat 2: Evelexy1 ($167.83 in chips) 
Seat 3: v.sting ($100 in chips) 
Seat 4: ESTMULK ($94.90 in chips) 
Seat 5: blistein ($101.50 in chips) 
Seat 6: Eredar5 ($125.72 in chips) 
Evelexy1: posts small blind $0.50
v.sting: posts big blind $1
*** HOLE CARDS ***
ESTMULK: folds 
blistein: folds 
Eredar5: raises $1.50 to $2.50
Rysiff: folds 
Evelexy1: folds 
v.sting: folds 
Uncalled bet ($1.50) returned to Eredar5
Eredar5 collected $2.50 from pot
Eredar5: doesn't show hand 
*** SUMMARY ***
Total pot $2.50 | Rake $0 
Seat 1: Rysiff (button) folded before Flop (didn't bet)
Seat 2: Evelexy1 (small blind) folded before Flop
Seat 3: v.sting (big blind) folded before Flop
Seat 4: ESTMULK folded before Flop (didn't bet)
Seat 5: blistein folded before Flop (didn't bet)
Seat 6: Eredar5 collected ($2.50)



PokerStars Hand #254483803125:  Hold'em No Limit ($0.50/$1.00 USD) - 2025/01/21 14:19:12 WET [2025/01/21 9:19:12 ET]
Table 'Anhui III' 6-max Seat #2 is the button
Seat 1: Rysiff ($202 in chips) 
Seat 2: Evelexy1 ($167.33 in chips) 
Seat 3: v.sting ($100 in chips) 
Seat 4: ESTMULK ($94.90 in chips) 
Seat 5: blistein ($101.50 in chips) 
Seat 6: Eredar5 ($127.22 in chips) 
v.sting: posts small blind $0.50
ESTMULK: posts big blind $1
*** HOLE CARDS ***
blistein: folds 
Eredar5: folds 
Rysiff: raises $1.50 to $2.50
Evelexy1: folds 
v.sting: folds 
ESTMULK: calls $1.50
*** FLOP *** [3d 2h 5s]
ESTMULK: bets $1
Rysiff: calls $1
*** TURN *** [3d 2h 5s] [6d]
ESTMULK: checks 
Rysiff: bets $5.70
ESTMULK: raises $18.52 to $24.22
Rysiff: folds 
Uncalled bet ($18.52) returned to ESTMULK
ESTMULK collected $17.96 from pot
*** SUMMARY ***
Total pot $18.90 | Rake $0.94 
Board [3d 2h 5s 6d]
Seat 1: Rysiff folded on the Turn
Seat 2: Evelexy1 (button) folded before Flop (didn't bet)
Seat 3: v.sting (small blind) folded before Flop
Seat 4: ESTMULK (big blind) collected ($17.96)
Seat 5: blistein folded before Flop (didn't bet)
Seat 6: Eredar5 folded before Flop (didn't bet)



PokerStars Hand #254483810432:  Hold'em No Limit ($0.50/$1.00 USD) - 2025/01/21 14:19:54 WET [2025/01/21 9:19:54 ET]
Table 'Anhui III' 6-max Seat #3 is the button
Seat 1: Rysiff ($192.80 in chips) 
Seat 2: Evelexy1 ($167.33 in chips) 
Seat 3: v.sting ($100 in chips) 
Seat 4: ESTMULK ($103.66 in chips) 
Seat 5: blistein ($101.50 in chips) 
Seat 6: Eredar5 ($127.22 in chips) 
ESTMULK: posts small blind $0.50
blistein: posts big blind $1
*** HOLE CARDS ***
Eredar5: folds 
Rysiff: raises $1.50 to $2.50
Evelexy1: raises $5 to $7.50
v.sting: folds 
ESTMULK: folds 
blistein: folds 
Rysiff: folds 
Uncalled bet ($5) returned to Evelexy1
Evelexy1 collected $6.50 from pot
Evelexy1: doesn't show hand 
*** SUMMARY ***
Total pot $6.50 | Rake $0 
Seat 1: Rysiff folded before Flop
Seat 2: Evelexy1 collected ($6.50)
Seat 3: v.sting (button) folded before Flop (didn't bet)
Seat 4: ESTMULK (small blind) folded before Flop
Seat 5: blistein (big blind) folded before Flop
Seat 6: Eredar5 folded before Flop (didn't bet)



PokerStars Hand #254483812961:  Hold'em No Limit ($0.50/$1.00 USD) - 2025/01/21 14:20:09 WET [2025/01/21 9:20:09 ET]
Table 'Anhui III' 6-max Seat #4 is the button
Seat 1: Rysiff ($190.30 in chips) 
Seat 2: Evelexy1 ($171.33 in chips) 
Seat 3: v.sting ($100 in chips) 
Seat 4: ESTMULK ($103.16 in chips) 
Seat 5: blistein ($100.50 in chips) 
Seat 6: Eredar5 ($127.22 in chips) 
blistein: posts small blind $0.50
Eredar5: posts big blind $1
*** HOLE CARDS ***
Rysiff: folds 
Evelexy1: raises $1 to $2
v.sting: folds 
ESTMULK: calls $2
blistein: folds 
Eredar5: calls $1
*** FLOP *** [9s 7s As]
Eredar5: checks 
Evelexy1: bets $2.06
ESTMULK: calls $2.06
Eredar5: raises $7.44 to $9.50
Evelexy1: folds 
ESTMULK: folds 
Uncalled bet ($7.44) returned to Eredar5
Eredar5 collected $12.05 from pot
Eredar5: doesn't show hand 
*** SUMMARY ***
Total pot $12.68 | Rake $0.63 
Board [9s 7s As]
Seat 1: Rysiff folded before Flop (didn't bet)
Seat 2: Evelexy1 folded on the Flop
Seat 3: v.sting folded before Flop (didn't bet)
Seat 4: ESTMULK (button) folded on the Flop
Seat 5: blistein (small blind) folded before Flop
Seat 6: Eredar5 (big blind) collected ($12.05)



PokerStars Hand #254483821449:  Hold'em No Limit ($0.50/$1.00 USD) - 2025/01/21 14:20:58 WET [2025/01/21 9:20:58 ET]
Table 'Anhui III' 6-max Seat #5 is the button
Seat 1: Rysiff ($190.30 in chips) 
Seat 2: Evelexy1 ($167.27 in chips) 
Seat 3: v.sting ($100 in chips) 
Seat 4: ESTMULK ($99.10 in chips) 
Seat 5: blistein ($100 in chips) 
Seat 6: Eredar5 ($135.21 in chips) 
Eredar5: posts small blind $0.50
Rysiff: posts big blind $1
*** HOLE CARDS ***
Evelexy1: folds 
v.sting: folds 
ESTMULK: calls $1
blistein: folds 
Eredar5: folds 
Rysiff: raises $6 to $7
ESTMULK: calls $6
*** FLOP *** [Ad 3d 3h]
Rysiff: bets $4.55
ESTMULK: raises $11.44 to $15.99
Rysiff: folds 
Uncalled bet ($11.44) returned to ESTMULK
ESTMULK collected $22.42 from pot
*** SUMMARY ***
Total pot $23.60 | Rake $1.18 
Board [Ad 3d 3h]
Seat 1: Rysiff (big blind) folded on the Flop
Seat 2: Evelexy1 folded before Flop (didn't bet)
Seat 3: v.sting folded before Flop (didn't bet)
Seat 4: ESTMULK collected ($22.42)
Seat 5: blistein (button) folded before Flop (didn't bet)
Seat 6: Eredar5 (small blind) folded before Flop



PokerStars Hand #254483826403:  Hold'em No Limit ($0.50/$1.00 USD) - 2025/01/21 14:21:26 WET [2025/01/21 9:21:26 ET]
Table 'Anhui III' 6-max Seat #6 is the button
Seat 1: Rysiff ($178.75 in chips) 
Seat 2: Evelexy1 ($167.27 in chips) 
Seat 3: v.sting ($100 in chips) 
Seat 4: ESTMULK ($109.97 in chips) 
Seat 5: blistein ($100 in chips) 
Seat 6: Eredar5 ($134.71 in chips) 
Rysiff: posts small blind $0.50
Evelexy1: posts big blind $1
*** HOLE CARDS ***
v.sting: folds 
ESTMULK: folds 
blistein: raises $1.30 to $2.30
Eredar5: folds 
Rysiff: folds 
Evelexy1: calls $1.30
*** FLOP *** [Jc 4d 5h]
Evelexy1: checks 
blistein: bets $2.42
Evelexy1: calls $2.42
*** TURN *** [Jc 4d 5h] [8h]
Evelexy1: checks 
blistein: checks 
*** RIVER *** [Jc 4d 5h 8h] [Kc]
Evelexy1: checks 
blistein: bets $7.08
Evelexy1: folds 
Uncalled bet ($7.08) returned to blistein
blistein collected $9.44 from pot
blistein: doesn't show hand 
*** SUMMARY ***
Total pot $9.94 | Rake $0.50 
Board [Jc 4d 5h 8h Kc]
Seat 1: Rysiff (small blind) folded before Flop
Seat 2: Evelexy1 (big blind) folded on the River
Seat 3: v.sting folded before Flop (didn't bet)
Seat 4: ESTMULK folded before Flop (didn't bet)
Seat 5: blistein collected ($9.44)
Seat 6: Eredar5 (button) folded before Flop (didn't bet)



PokerStars Hand #254483837741:  Hold'em No Limit ($0.50/$1.00 USD) - 2025/01/21 14:22:31 WET [2025/01/21 9:22:31 ET]
Table 'Anhui III' 6-max Seat #1 is the button
Seat 1: Rysiff ($178.25 in chips) 
Seat 2: Evelexy1 ($162.55 in chips) 
Seat 3: v.sting ($100 in chips) 
Seat 4: ESTMULK ($109.97 in chips) 
Seat 5: blistein ($104.72 in chips) 
Seat 6: Eredar5 ($134.71 in chips) 
Evelexy1: posts small blind $0.50
v.sting: posts big blind $1
*** HOLE CARDS ***
ESTMULK: calls $1
blistein: folds 
Eredar5: folds 
Rysiff: folds 
Evelexy1: folds 
v.sting: checks 
*** FLOP *** [7c 4c Qs]
v.sting: checks 
ESTMULK: bets $2.38
v.sting: folds 
Uncalled bet ($2.38) returned to ESTMULK
ESTMULK collected $2.38 from pot
*** SUMMARY ***
Total pot $2.50 | Rake $0.12 
Board [7c 4c Qs]
Seat 1: Rysiff (button) folded before Flop (didn't bet)
Seat 2: Evelexy1 (small blind) folded before Flop
Seat 3: v.sting (big blind) folded on the Flop
Seat 4: ESTMULK collected ($2.38)
Seat 5: blistein folded before Flop (didn't bet)
Seat 6: Eredar5 folded before Flop (didn't bet)



PokerStars Hand #254483843628:  Hold'em No Limit ($0.50/$1.00 USD) - 2025/01/21 14:23:05 WET [2025/01/21 9:23:05 ET]
Table 'Anhui III' 6-max Seat #2 is the button
Seat 1: Rysiff ($178.25 in chips) 
Seat 2: Evelexy1 ($162.05 in chips) 
Seat 3: v.sting ($100 in chips) 
Seat 4: ESTMULK ($111.35 in chips) 
Seat 5: blistein ($104.72 in chips) 
Seat 6: Eredar5 ($134.71 in chips) 
v.sting: posts small blind $0.50
ESTMULK: posts big blind $1
*** HOLE CARDS ***
blistein: folds 
Eredar5: folds 
Rysiff: folds 
Evelexy1: folds 
v.sting: raises $2 to $3
ESTMULK: calls $2
*** FLOP *** [Ah 3d 5d]
v.sting: checks 
ESTMULK: bets $1
v.sting: folds 
Uncalled bet ($1) returned to ESTMULK
ESTMULK collected $5.70 from pot
*** SUMMARY ***
Total pot $6 | Rake $0.30 
Board [Ah 3d 5d]
Seat 1: Rysiff folded before Flop (didn't bet)
Seat 2: Evelexy1 (button) folded before Flop (didn't bet)
Seat 3: v.sting (small blind) folded on the Flop
Seat 4: ESTMULK (big blind) collected ($5.70)
Seat 5: blistein folded before Flop (didn't bet)
Seat 6: Eredar5 folded before Flop (didn't bet)



PokerStars Hand #254483849292:  Hold'em No Limit ($0.50/$1.00 USD) - 2025/01/21 14:23:37 WET [2025/01/21 9:23:37 ET]
Table 'Anhui III' 6-max Seat #3 is the button
Seat 1: Rysiff ($178.25 in chips) 
Seat 2: Evelexy1 ($162.05 in chips) 
Seat 3: v.sting ($100 in chips) 
Seat 4: ESTMULK ($114.05 in chips) 
Seat 5: blistein ($104.72 in chips) 
Seat 6: Eredar5 ($134.71 in chips) 
ESTMULK: posts small blind $0.50
blistein: posts big blind $1
*** HOLE CARDS ***
Eredar5: folds 
Rysiff: folds 
Evelexy1: folds 
v.sting: raises $1.10 to $2.10
ESTMULK: raises $1.10 to $3.20
blistein: folds 
v.sting: calls $1.10
*** FLOP *** [3d Jc 5d]
ESTMULK: checks 
v.sting: checks 
*** TURN *** [3d Jc 5d] [9c]
ESTMULK: checks 
v.sting: bets $1.76
ESTMULK: folds 
Uncalled bet ($1.76) returned to v.sting
v.sting collected $7.03 from pot
v.sting: doesn't show hand 
*** SUMMARY ***
Total pot $7.40 | Rake $0.37 
Board [3d Jc 5d 9c]
Seat 1: Rysiff folded before Flop (didn't bet)
Seat 2: Evelexy1 folded before Flop (didn't bet)
Seat 3: v.sting (button) collected ($7.03)
Seat 4: ESTMULK (small blind) folded on the Turn
Seat 5: blistein (big blind) folded before Flop
Seat 6: Eredar5 folded before Flop (didn't bet)



PokerStars Hand #254483856708:  Hold'em No Limit ($0.50/$1.00 USD) - 2025/01/21 14:24:20 WET [2025/01/21 9:24:20 ET]
Table 'Anhui III' 6-max Seat #4 is the button
Seat 1: Rysiff ($178.25 in chips) 
Seat 2: Evelexy1 ($162.05 in chips) 
Seat 3: v.sting ($103.83 in chips) 
Seat 4: ESTMULK ($110.85 in chips) 
Seat 5: blistein ($103.72 in chips) 
Seat 6: Eredar5 ($134.71 in chips) 
blistein: posts small blind $0.50
Eredar5: posts big blind $1
*** HOLE CARDS ***
Rysiff: folds 
Evelexy1: raises $1 to $2
v.sting: folds 
ESTMULK: calls $2
blistein: folds 
Eredar5: folds 
*** FLOP *** [Ah Ks 4d]
Evelexy1: bets $2.61
ESTMULK: calls $2.61
*** TURN *** [Ah Ks 4d] [Js]
Evelexy1: checks 
ESTMULK: bets $1
Evelexy1: calls $1
*** RIVER *** [Ah Ks 4d Js] [Th]
Evelexy1: bets $3.02
ESTMULK: calls $3.02
*** SHOW DOWN ***
Evelexy1: shows [Qs Jd] (a straight, Ten to Ace)
ESTMULK: mucks hand 
Evelexy1 collected $17.82 from pot
*** SUMMARY ***
Total pot $18.76 | Rake $0.94 
Board [Ah Ks 4d Js Th]
Seat 1: Rysiff folded before Flop (didn't bet)
Seat 2: Evelexy1 showed [Qs Jd] and won ($17.82) with a straight, Ten to Ace
Seat 3: v.sting folded before Flop (didn't bet)
Seat 4: ESTMULK (button) mucked
Seat 5: blistein (small blind) folded before Flop
Seat 6: Eredar5 (big blind) folded before Flop



PokerStars Hand #254483864457:  Hold'em No Limit ($0.50/$1.00 USD) - 2025/01/21 14:25:03 WET [2025/01/21 9:25:03 ET]
Table 'Anhui III' 6-max Seat #5 is the button
Seat 1: Rysiff ($178.25 in chips) 
Seat 2: Evelexy1 ($171.24 in chips) 
Seat 3: v.sting ($103.83 in chips) 
Seat 4: ESTMULK ($102.22 in chips) 
Seat 5: blistein ($103.22 in chips) 
Seat 6: Eredar5 ($133.71 in chips) 
Eredar5: posts small blind $0.50
Rysiff: posts big blind $1
*** HOLE CARDS ***
Evelexy1: folds 
v.sting: folds 
ESTMULK: raises $1 to $2
blistein: folds 
Eredar5: raises $7 to $9
Rysiff: folds 
ESTMULK: calls $7
*** FLOP *** [7h 5h 3c]
Eredar5: checks 
ESTMULK: bets $9.03
Eredar5: calls $9.03
*** TURN *** [7h 5h 3c] [Kd]
Eredar5: checks 
ESTMULK: checks 
*** RIVER *** [7h 5h 3c Kd] [4s]
Eredar5: bets $11.97
ESTMULK: folds 
Uncalled bet ($11.97) returned to Eredar5
Eredar5 collected $35.21 from pot
Eredar5: doesn't show hand 
*** SUMMARY ***
Total pot $37.06 | Rake $1.85 
Board [7h 5h 3c Kd 4s]
Seat 1: Rysiff (big blind) folded before Flop
Seat 2: Evelexy1 folded before Flop (didn't bet)
Seat 3: v.sting folded before Flop (didn't bet)
Seat 4: ESTMULK folded on the River
Seat 5: blistein (button) folded before Flop (didn't bet)
Seat 6: Eredar5 (small blind) collected ($35.21)



PokerStars Hand #254483881763:  Hold'em No Limit ($0.50/$1.00 USD) - 2025/01/21 14:26:42 WET [2025/01/21 9:26:42 ET]
Table 'Anhui III' 6-max Seat #6 is the button
Seat 1: Rysiff ($177.25 in chips) 
Seat 2: Evelexy1 ($171.24 in chips) 
Seat 3: v.sting ($103.83 in chips) 
Seat 4: ESTMULK ($84.19 in chips) 
Seat 5: blistein ($103.22 in chips) 
Seat 6: Eredar5 ($150.89 in chips) 
Rysiff: posts small blind $0.50
Evelexy1: posts big blind $1
*** HOLE CARDS ***
v.sting: folds 
ESTMULK: raises $1 to $2
blistein: raises $4 to $6
Eredar5: folds 
Rysiff: folds 
Evelexy1: calls $5
ESTMULK: calls $4
*** FLOP *** [4h 8s Ts]
Evelexy1: checks 
ESTMULK: bets $17.58
blistein: folds 
Evelexy1: folds 
Uncalled bet ($17.58) returned to ESTMULK
ESTMULK collected $17.58 from pot
*** SUMMARY ***
Total pot $18.50 | Rake $0.92 
Board [4h 8s Ts]
Seat 1: Rysiff (small blind) folded before Flop
Seat 2: Evelexy1 (big blind) folded on the Flop
Seat 3: v.sting folded before Flop (didn't bet)
Seat 4: ESTMULK collected ($17.58)
Seat 5: blistein folded on the Flop
Seat 6: Eredar5 (button) folded before Flop (didn't bet)



PokerStars Hand #254483890025:  Hold'em No Limit ($0.50/$1.00 USD) - 2025/01/21 14:27:30 WET [2025/01/21 9:27:30 ET]
Table 'Anhui III' 6-max Seat #1 is the button
Seat 1: Rysiff ($176.75 in chips) 
Seat 2: Evelexy1 ($165.24 in chips) 
Seat 3: v.sting ($103.83 in chips) 
Seat 4: ESTMULK ($95.77 in chips) 
Seat 5: blistein ($100 in chips) 
Seat 6: Eredar5 ($150.89 in chips) 
Evelexy1: posts small blind $0.50
v.sting: posts big blind $1
*** HOLE CARDS ***
ESTMULK: folds 
blistein: folds 
Eredar5: raises $1.50 to $2.50
Rysiff: folds 
Evelexy1: folds 
v.sting: raises $10 to $12.50
Eredar5: folds 
Uncalled bet ($10) returned to v.sting
v.sting collected $5.50 from pot
v.sting: doesn't show hand 
*** SUMMARY ***
Total pot $5.50 | Rake $0 
Seat 1: Rysiff (button) folded before Flop (didn't bet)
Seat 2: Evelexy1 (small blind) folded before Flop
Seat 3: v.sting (big blind) collected ($5.50)
Seat 4: ESTMULK folded before Flop (didn't bet)
Seat 5: blistein folded before Flop (didn't bet)
Seat 6: Eredar5 folded before Flop



PokerStars Hand #254483895989:  Hold'em No Limit ($0.50/$1.00 USD) - 2025/01/21 14:28:03 WET [2025/01/21 9:28:03 ET]
Table 'Anhui III' 6-max Seat #2 is the button
Seat 1: Rysiff ($176.75 in chips) 
Seat 2: Evelexy1 ($164.74 in chips) 
Seat 3: v.sting ($106.83 in chips) 
Seat 4: ESTMULK ($95.77 in chips) 
Seat 5: blistein ($100 in chips) 
Seat 6: Eredar5 ($148.39 in chips) 
v.sting: posts small blind $0.50
ESTMULK: posts big blind $1
*** HOLE CARDS ***
blistein: folds 
Eredar5: folds 
Rysiff: folds 
Evelexy1: folds 
v.sting: folds 
Uncalled bet ($0.50) returned to ESTMULK
ESTMULK collected $1 from pot
*** SUMMARY ***
Total pot $1 | Rake $0 
Seat 1: Rysiff folded before Flop (didn't bet)
Seat 2: Evelexy1 (button) folded before Flop (didn't bet)
Seat 3: v.sting (small blind) folded before Flop
Seat 4: ESTMULK (big blind) collected ($1)
Seat 5: blistein folded before Flop (didn't bet)
Seat 6: Eredar5 folded before Flop (didn't bet)



PokerStars Hand #254483898188:  Hold'em No Limit ($0.50/$1.00 USD) - 2025/01/21 14:28:15 WET [2025/01/21 9:28:15 ET]
Table 'Anhui III' 6-max Seat #3 is the button
Seat 1: Rysiff ($176.75 in chips) 
Seat 2: Evelexy1 ($164.74 in chips) 
Seat 3: v.sting ($106.33 in chips) 
Seat 4: ESTMULK ($96.27 in chips) 
Seat 5: blistein ($100 in chips) 
Seat 6: Eredar5 ($148.39 in chips) 
ESTMULK: posts small blind $0.50
blistein: posts big blind $1
*** HOLE CARDS ***
Eredar5: folds 
Rysiff: raises $1.50 to $2.50
Evelexy1: folds 
v.sting: folds 
ESTMULK: calls $2
blistein: calls $1.50
*** FLOP *** [Kd 6h Th]
ESTMULK: checks 
blistein: checks 
Rysiff: checks 
*** TURN *** [Kd 6h Th] [6d]
ESTMULK: checks 
blistein: bets $5.34
Rysiff: folds 
ESTMULK: calls $5.34
*** RIVER *** [Kd 6h Th 6d] [9c]
ESTMULK: checks 
blistein: bets $16.06
ESTMULK: raises $72.37 to $88.43 and is all-in
blistein: folds 
Uncalled bet ($72.37) returned to ESTMULK
ESTMULK collected $47.80 from pot
*** SUMMARY ***
Total pot $50.30 | Rake $2.50 
Board [Kd 6h Th 6d 9c]
Seat 1: Rysiff folded on the Turn
Seat 2: Evelexy1 folded before Flop (didn't bet)
Seat 3: v.sting (button) folded before Flop (didn't bet)
Seat 4: ESTMULK (small blind) collected ($47.80)
Seat 5: blistein (big blind) folded on the River
Seat 6: Eredar5 folded before Flop (didn't bet)



PokerStars Hand #254483914288:  Hold'em No Limit ($0.50/$1.00 USD) - 2025/01/21 14:29:46 WET [2025/01/21 9:29:46 ET]
Table 'Anhui III' 6-max Seat #4 is the button
Seat 1: Rysiff ($174.25 in chips) 
Seat 2: Evelexy1 ($164.74 in chips) 
Seat 3: v.sting ($106.33 in chips) 
Seat 4: ESTMULK ($120.17 in chips) 
Seat 5: blistein ($100 in chips) 
Seat 6: Eredar5 ($148.39 in chips) 
blistein: posts small blind $0.50
Eredar5: posts big blind $1
*** HOLE CARDS ***
Rysiff: raises $1.50 to $2.50
Evelexy1: folds 
v.sting: folds 
ESTMULK: raises $1.50 to $4
blistein: folds 
Eredar5: folds 
Rysiff: raises $16 to $20
ESTMULK: raises $100.17 to $120.17 and is all-in
Rysiff: calls $100.17
*** FLOP *** [6s 8s 5s]
*** TURN *** [6s 8s 5s] [Qd]
*** RIVER *** [6s 8s 5s Qd] [3c]
*** SHOW DOWN ***
Rysiff: shows [Ah Qh] (a pair of Queens)
ESTMULK: shows [Jc Jh] (a pair of Jacks)
Rysiff collected $239.34 from pot
*** SUMMARY ***
Total pot $241.84 | Rake $2.50 
Board [6s 8s 5s Qd 3c]
Seat 1: Rysiff showed [Ah Qh] and won ($239.34) with a pair of Queens
Seat 2: Evelexy1 folded before Flop (didn't bet)
Seat 3: v.sting folded before Flop (didn't bet)
Seat 4: ESTMULK (button) showed [Jc Jh] and lost with a pair of Jacks
Seat 5: blistein (small blind) folded before Flop
Seat 6: Eredar5 (big blind) folded before Flop



PokerStars Hand #254483920324:  Hold'em No Limit ($0.50/$1.00 USD) - 2025/01/21 14:30:20 WET [2025/01/21 9:30:20 ET]
Table 'Anhui III' 6-max Seat #5 is the button
Seat 4: ESTMULK ($0 in chips) is sitting out
Seat 1: Rysiff ($293.42 in chips) 
Seat 2: Evelexy1 ($164.74 in chips) 
Seat 3: v.sting ($106.33 in chips) 
Seat 5: blistein ($100 in chips) 
Seat 6: Eredar5 ($147.39 in chips) 
Eredar5: posts small blind $0.50
Rysiff: posts big blind $1
*** HOLE CARDS ***
Evelexy1: raises $1 to $2
v.sting: folds 
blistein: folds 
ESTMULK is disconnected 
Eredar5: raises $9 to $11
Rysiff: folds 
Evelexy1: folds 
Uncalled bet ($9) returned to Eredar5
Eredar5 collected $5 from pot
Eredar5: doesn't show hand 
*** SUMMARY ***
Total pot $5 | Rake $0 
Seat 4: ESTMULK
Seat 1: Rysiff (big blind) folded before Flop
Seat 2: Evelexy1 folded before Flop
Seat 3: v.sting folded before Flop (didn't bet)
Seat 5: blistein (button) folded before Flop (didn't bet)
Seat 6: Eredar5 (small blind) collected ($5)



PokerStars Hand #254483924016:  Hold'em No Limit ($0.50/$1.00 USD) - 2025/01/21 14:30:40 WET [2025/01/21 9:30:40 ET]
Table 'Anhui III' 6-max Seat #6 is the button
Seat 4: ESTMULK ($0 in chips) is sitting out
Seat 1: Rysiff ($292.42 in chips) 
Seat 2: Evelexy1 ($162.74 in chips) 
Seat 3: v.sting ($106.33 in chips) 
Seat 5: blistein ($100 in chips) 
Seat 6: Eredar5 ($150.39 in chips) 
Rysiff: posts small blind $0.50
Evelexy1: posts big blind $1
*** HOLE CARDS ***
v.sting: folds 
blistein: folds 
Eredar5: raises $1.50 to $2.50
Rysiff: folds 
Evelexy1: folds 
Uncalled bet ($1.50) returned to Eredar5
Eredar5 collected $2.50 from pot
Eredar5: doesn't show hand 
*** SUMMARY ***
Total pot $2.50 | Rake $0 
Seat 4: ESTMULK
Seat 1: Rysiff (small blind) folded before Flop
Seat 2: Evelexy1 (big blind) folded before Flop
Seat 3: v.sting folded before Flop (didn't bet)
Seat 5: blistein folded before Flop (didn't bet)
Seat 6: Eredar5 (button) collected ($2.50)



PokerStars Hand #254483992222:  Hold'em No Limit ($0.50/$1.00 USD) - 2025/01/21 14:36:51 WET [2025/01/21 9:36:51 ET]
Table 'Anhui III' 6-max Seat #1 is the button
Seat 4: ESTMULK ($0 in chips) is sitting out
Seat 1: radu10101 ($100 in chips) 
Seat 2: blistein ($100 in chips) 
Seat 3: mr.Jckpot ($100 in chips) 
Seat 5: ReVeu710 ($100 in chips) 
Seat 6: Burlica2013 ($100 in chips) 
blistein: posts small blind $0.50
mr.Jckpot: posts big blind $1
*** HOLE CARDS ***
ReVeu710: folds 
Burlica2013: folds 
radu10101: raises $1 to $2
blistein: folds 
mr.Jckpot: raises $10 to $12
radu10101: calls $10
*** FLOP *** [7d 4h Jd]
mr.Jckpot: bets $12.80
radu10101: calls $12.80
*** TURN *** [7d 4h Jd] [Qc]
mr.Jckpot: checks 
radu10101: bets $47.60
mr.Jckpot: folds 
Uncalled bet ($47.60) returned to radu10101
radu10101 collected $47.60 from pot
*** SUMMARY ***
Total pot $50.10 | Rake $2.50 
Board [7d 4h Jd Qc]
Seat 4: ESTMULK
Seat 1: radu10101 (button) collected ($47.60)
Seat 2: blistein (small blind) folded before Flop
Seat 3: mr.Jckpot (big blind) folded on the Turn
Seat 5: ReVeu710 folded before Flop (didn't bet)
Seat 6: Burlica2013 folded before Flop (didn't bet)



PokerStars Hand #254484000210:  Hold'em No Limit ($0.50/$1.00 USD) - 2025/01/21 14:37:34 WET [2025/01/21 9:37:34 ET]
Table 'Anhui III' 6-max Seat #2 is the button
Seat 4: ESTMULK ($0 in chips) is sitting out
Seat 1: radu10101 ($122.80 in chips) 
Seat 2: blistein ($100 in chips) 
Seat 3: mr.Jckpot ($100 in chips) 
Seat 5: ReVeu710 ($100 in chips) 
Seat 6: Burlica2013 ($100 in chips) 
mr.Jckpot: posts small blind $0.50
ReVeu710: posts big blind $1
*** HOLE CARDS ***
Burlica2013: folds 
radu10101: calls $1
blistein: raises $2.50 to $3.50
mr.Jckpot: folds 
ReVeu710: folds 
radu10101: calls $2.50
*** FLOP *** [4s 4d Kd]
radu10101: checks 
blistein: checks 
*** TURN *** [4s 4d Kd] [Js]
radu10101: bets $2
blistein: calls $2
*** RIVER *** [4s 4d Kd Js] [9h]
radu10101: bets $4
blistein: raises $7 to $11
radu10101: calls $7
*** SHOW DOWN ***
blistein: shows [Kc Ks] (a full house, Kings full of Fours)
radu10101: mucks hand 
blistein collected $32.78 from pot
*** SUMMARY ***
Total pot $34.50 | Rake $1.72 
Board [4s 4d Kd Js 9h]
Seat 4: ESTMULK
Seat 1: radu10101 mucked
Seat 2: blistein (button) showed [Kc Ks] and won ($32.78) with a full house, Kings full of Fours
Seat 3: mr.Jckpot (small blind) folded before Flop
Seat 5: ReVeu710 (big blind) folded before Flop
Seat 6: Burlica2013 folded before Flop (didn't bet)



PokerStars Hand #254484011862:  Hold'em No Limit ($0.50/$1.00 USD) - 2025/01/21 14:38:37 WET [2025/01/21 9:38:37 ET]
Table 'Anhui III' 6-max Seat #3 is the button
Seat 4: ESTMULK ($0 in chips) is sitting out
Seat 1: radu10101 ($106.30 in chips) 
Seat 2: blistein ($116.28 in chips) 
Seat 3: mr.Jckpot ($100 in chips) 
Seat 5: ReVeu710 ($100 in chips) 
Seat 6: Burlica2013 ($100 in chips) 
ReVeu710: posts small blind $0.50
Burlica2013: posts big blind $1
*** HOLE CARDS ***
radu10101: calls $1
blistein: folds 
mr.Jckpot: raises $2.50 to $3.50
ReVeu710: folds 
Burlica2013: folds 
radu10101: folds 
Uncalled bet ($2.50) returned to mr.Jckpot
mr.Jckpot collected $3.50 from pot
mr.Jckpot: doesn't show hand 
*** SUMMARY ***
Total pot $3.50 | Rake $0 
Seat 4: ESTMULK
Seat 1: radu10101 folded before Flop
Seat 2: blistein folded before Flop (didn't bet)
Seat 3: mr.Jckpot (button) collected ($3.50)
Seat 5: ReVeu710 (small blind) folded before Flop
Seat 6: Burlica2013 (big blind) folded before Flop



PokerStars Hand #254484015795:  Hold'em No Limit ($0.50/$1.00 USD) - 2025/01/21 14:38:57 WET [2025/01/21 9:38:57 ET]
Table 'Anhui III' 6-max Seat #5 is the button
Seat 4: ESTMULK ($0 in chips) is sitting out
Seat 1: radu10101 ($105.30 in chips) 
Seat 2: blistein ($116.28 in chips) 
Seat 3: mr.Jckpot ($102.50 in chips) 
Seat 5: ReVeu710 ($100 in chips) 
Seat 6: Burlica2013 ($100 in chips) 
Burlica2013: posts small blind $0.50
radu10101: posts big blind $1
*** HOLE CARDS ***
blistein: folds 
mr.Jckpot: folds 
ReVeu710: folds 
Burlica2013: folds 
Uncalled bet ($0.50) returned to radu10101
radu10101 collected $1 from pot
*** SUMMARY ***
Total pot $1 | Rake $0 
Seat 4: ESTMULK
Seat 1: radu10101 (big blind) collected ($1)
Seat 2: blistein folded before Flop (didn't bet)
Seat 3: mr.Jckpot folded before Flop (didn't bet)
Seat 5: ReVeu710 (button) folded before Flop (didn't bet)
Seat 6: Burlica2013 (small blind) folded before Flop



PokerStars Hand #254484020154:  Hold'em No Limit ($0.50/$1.00 USD) - 2025/01/21 14:39:21 WET [2025/01/21 9:39:21 ET]
Table 'Anhui III' 6-max Seat #6 is the button
Seat 4: ESTMULK ($0 in chips) is sitting out
Seat 1: radu10101 ($105.80 in chips) 
Seat 2: blistein ($116.28 in chips) 
Seat 3: mr.Jckpot ($102.50 in chips) 
Seat 5: ReVeu710 ($100 in chips) 
Seat 6: Burlica2013 ($100 in chips) 
radu10101: posts small blind $0.50
blistein: posts big blind $1
*** HOLE CARDS ***
mr.Jckpot: folds 
ReVeu710: folds 
Burlica2013: folds 
radu10101: calls $0.50
blistein: raises $2.50 to $3.50
radu10101: calls $2.50
*** FLOP *** [As 3s 7d]
radu10101: checks 
blistein: checks 
*** TURN *** [As 3s 7d] [5d]
radu10101: bets $1
blistein: calls $1
*** RIVER *** [As 3s 7d 5d] [Qd]
radu10101: bets $2
blistein: folds 
Uncalled bet ($2) returned to radu10101
radu10101 collected $8.55 from pot
*** SUMMARY ***
Total pot $9 | Rake $0.45 
Board [As 3s 7d 5d Qd]
Seat 4: ESTMULK
Seat 1: radu10101 (small blind) collected ($8.55)
Seat 2: blistein (big blind) folded on the River
Seat 3: mr.Jckpot folded before Flop (didn't bet)
Seat 5: ReVeu710 folded before Flop (didn't bet)
Seat 6: Burlica2013 (button) folded before Flop (didn't bet)



PokerStars Hand #254484031436:  Hold'em No Limit ($0.50/$1.00 USD) - 2025/01/21 14:40:21 WET [2025/01/21 9:40:21 ET]
Table 'Anhui III' 6-max Seat #1 is the button
Seat 4: ESTMULK ($0 in chips) is sitting out
Seat 1: radu10101 ($109.85 in chips) 
Seat 2: blistein ($111.78 in chips) 
Seat 3: mr.Jckpot ($102.50 in chips) 
Seat 5: ReVeu710 ($100 in chips) 
Seat 6: Burlica2013 ($100 in chips) 
blistein: posts small blind $0.50
mr.Jckpot: posts big blind $1
*** HOLE CARDS ***
ESTMULK leaves the table
ReVeu710: folds 
Burlica2013: folds 
radu10101: calls $1
ReVeu710 leaves the table
blistein: raises $3 to $4
mr.Jckpot: folds 
radu10101: folds 
Uncalled bet ($3) returned to blistein
blistein collected $3 from pot
blistein: doesn't show hand 
*** SUMMARY ***
Total pot $3 | Rake $0 
Seat 4: ESTMULK
Seat 1: radu10101 (button) folded before Flop
Seat 2: blistein (small blind) collected ($3)
Seat 3: mr.Jckpot (big blind) folded before Flop
Seat 5: ReVeu710 folded before Flop (didn't bet)
Seat 6: Burlica2013 folded before Flop (didn't bet)



PokerStars Hand #254484034091:  Hold'em No Limit ($0.50/$1.00 USD) - 2025/01/21 14:40:36 WET [2025/01/21 9:40:36 ET]
Table 'Anhui III' 6-max Seat #2 is the button
Seat 1: radu10101 ($108.85 in chips) 
Seat 2: blistein ($113.78 in chips) 
Seat 3: mr.Jckpot ($101.50 in chips) 
Seat 6: Burlica2013 ($100 in chips) 
mr.Jckpot: posts small blind $0.50
Burlica2013: posts big blind $1
*** HOLE CARDS ***
radu10101: raises $1 to $2
blistein: folds 
BGS013 joins the table at seat #4 
magzi777 joins the table at seat #5 
mr.Jckpot: folds 
Burlica2013: folds 
Uncalled bet ($1) returned to radu10101
radu10101 collected $2.50 from pot
*** SUMMARY ***
Total pot $2.50 | Rake $0 
Seat 1: radu10101 collected ($2.50)
Seat 2: blistein (button) folded before Flop (didn't bet)
Seat 3: mr.Jckpot (small blind) folded before Flop
Seat 6: Burlica2013 (big blind) folded before Flop



PokerStars Hand #254484037180:  Hold'em No Limit ($0.50/$1.00 USD) - 2025/01/21 14:40:52 WET [2025/01/21 9:40:52 ET]
Table 'Anhui III' 6-max Seat #3 is the button
Seat 4: BGS013 ($100 in chips) is sitting out
Seat 5: magzi777 ($100 in chips) is sitting out
Seat 1: radu10101 ($110.35 in chips) 
Seat 2: blistein ($113.78 in chips) 
Seat 3: mr.Jckpot ($101 in chips) 
Seat 6: Burlica2013 ($100 in chips) 
Burlica2013: posts small blind $0.50
radu10101: posts big blind $1
*** HOLE CARDS ***
blistein: folds 
mr.Jckpot: raises $1.50 to $2.50
Burlica2013: folds 
radu10101: calls $1.50
*** FLOP *** [5d Qd 6c]
radu10101: checks 
mr.Jckpot: bets $4.07
radu10101: calls $4.07
*** TURN *** [5d Qd 6c] [3d]
radu10101: checks 
mr.Jckpot: bets $7.13
radu10101: folds 
Uncalled bet ($7.13) returned to mr.Jckpot
mr.Jckpot collected $12.96 from pot
mr.Jckpot: doesn't show hand 
*** SUMMARY ***
Total pot $13.64 | Rake $0.68 
Board [5d Qd 6c 3d]
Seat 4: BGS013
Seat 5: magzi777
Seat 1: radu10101 (big blind) folded on the Turn
Seat 2: blistein folded before Flop (didn't bet)
Seat 3: mr.Jckpot (button) collected ($12.96)
Seat 6: Burlica2013 (small blind) folded before Flop



PokerStars Hand #254484044246:  Hold'em No Limit ($0.50/$1.00 USD) - 2025/01/21 14:41:29 WET [2025/01/21 9:41:29 ET]
Table 'Anhui III' 6-max Seat #6 is the button
Seat 4: BGS013 ($100 in chips) is sitting out
Seat 5: magzi777 ($100 in chips) is sitting out
Seat 1: radu10101 ($103.78 in chips) 
Seat 2: blistein ($113.78 in chips) 
Seat 3: mr.Jckpot ($107.39 in chips) 
Seat 6: Burlica2013 ($100 in chips) 
radu10101: posts small blind $0.50
blistein: posts big blind $1
BGS013: sits out 
magzi777: sits out 
*** HOLE CARDS ***
mr.Jckpot: folds 
Burlica2013: raises $1.45 to $2.45
radu10101: folds 
blistein: folds 
Uncalled bet ($1.45) returned to Burlica2013
Burlica2013 collected $2.50 from pot
Burlica2013: doesn't show hand 
*** SUMMARY ***
Total pot $2.50 | Rake $0 
Seat 4: BGS013
Seat 5: magzi777
Seat 1: radu10101 (small blind) folded before Flop
Seat 2: blistein (big blind) folded before Flop
Seat 3: mr.Jckpot folded before Flop (didn't bet)
Seat 6: Burlica2013 (button) collected ($2.50)



PokerStars Hand #254484046575:  Hold'em No Limit ($0.50/$1.00 USD) - 2025/01/21 14:41:42 WET [2025/01/21 9:41:42 ET]
Table 'Anhui III' 6-max Seat #1 is the button
Seat 4: BGS013 ($100 in chips) is sitting out
Seat 5: magzi777 ($100 in chips) is sitting out
Seat 1: radu10101 ($103.28 in chips) 
Seat 2: blistein ($112.78 in chips) 
Seat 3: mr.Jckpot ($107.39 in chips) 
Seat 6: Burlica2013 ($101.50 in chips) 
blistein: posts small blind $0.50
mr.Jckpot: posts big blind $1
BGS013: sits out 
magzi777: sits out 
*** HOLE CARDS ***
Burlica2013: folds 
radu10101: calls $1
blistein: folds 
mr.Jckpot: checks 
*** FLOP *** [2s 4d 4s]
mr.Jckpot: checks 
radu10101: checks 
*** TURN *** [2s 4d 4s] [2c]
mr.Jckpot: checks 
radu10101: checks 
*** RIVER *** [2s 4d 4s 2c] [3s]
mr.Jckpot: checks 
radu10101: checks 
*** SHOW DOWN ***
mr.Jckpot: shows [Td 6c] (two pair, Fours and Deuces)
radu10101: mucks hand 
mr.Jckpot collected $2.38 from pot
*** SUMMARY ***
Total pot $2.50 | Rake $0.12 
Board [2s 4d 4s 2c 3s]
Seat 4: BGS013
Seat 5: magzi777
Seat 1: radu10101 (button) mucked
Seat 2: blistein (small blind) folded before Flop
Seat 3: mr.Jckpot (big blind) showed [Td 6c] and won ($2.38) with two pair, Fours and Deuces
Seat 6: Burlica2013 folded before Flop (didn't bet)



PokerStars Hand #254484051059:  Hold'em No Limit ($0.50/$1.00 USD) - 2025/01/21 14:42:06 WET [2025/01/21 9:42:06 ET]
Table 'Anhui III' 6-max Seat #2 is the button
Seat 5: magzi777 ($100 in chips) is sitting out
Seat 1: radu10101 ($102.28 in chips) 
Seat 2: blistein ($112.28 in chips) 
Seat 3: mr.Jckpot ($108.77 in chips) 
Seat 4: BGS013 ($100 in chips) 
Seat 6: Burlica2013 ($101.50 in chips) 
mr.Jckpot: posts small blind $0.50
BGS013: posts big blind $1
magzi777: sits out 
*** HOLE CARDS ***
Burlica2013: folds 
radu10101: calls $1
blistein: raises $2.50 to $3.50
mr.Jckpot: folds 
BGS013: folds 
radu10101: calls $2.50
*** FLOP *** [5s 6d 8h]
radu10101: bets $2
blistein: raises $5.54 to $7.54
radu10101: calls $5.54
*** TURN *** [5s 6d 8h] [Kh]
radu10101: checks 
blistein: bets $19.83
radu10101: folds 
Uncalled bet ($19.83) returned to blistein
blistein collected $22.40 from pot
blistein: doesn't show hand 
*** SUMMARY ***
Total pot $23.58 | Rake $1.18 
Board [5s 6d 8h Kh]
Seat 5: magzi777
Seat 1: radu10101 folded on the Turn
Seat 2: blistein (button) collected ($22.40)
Seat 3: mr.Jckpot (small blind) folded before Flop
Seat 4: BGS013 (big blind) folded before Flop
Seat 6: Burlica2013 folded before Flop (didn't bet)



PokerStars Hand #254484066931:  Hold'em No Limit ($0.50/$1.00 USD) - 2025/01/21 14:43:31 WET [2025/01/21 9:43:31 ET]
Table 'Anhui III' 6-max Seat #3 is the button
Seat 1: radu10101 ($91.24 in chips) 
Seat 2: blistein ($123.64 in chips) 
Seat 3: mr.Jckpot ($108.27 in chips) 
Seat 4: BGS013 ($100 in chips) 
Seat 5: magzi777 ($100 in chips) 
Seat 6: Burlica2013 ($101.50 in chips) 
BGS013: posts small blind $0.50
magzi777: posts big blind $1
*** HOLE CARDS ***
Burlica2013: folds 
radu10101: calls $1
blistein: raises $2.50 to $3.50
mr.Jckpot: folds 
BGS013: folds 
magzi777: folds 
radu10101: calls $2.50
*** FLOP *** [3c Qd 8s]
radu10101: checks 
blistein: checks 
*** TURN *** [3c Qd 8s] [6s]
radu10101: bets $2
blistein: calls $2
*** RIVER *** [3c Qd 8s 6s] [Kh]
radu10101: bets $3
blistein: raises $10 to $13
radu10101: calls $10
*** SHOW DOWN ***
blistein: shows [Js Ac] (high card Ace)
radu10101: shows [9d 8h] (a pair of Eights)
radu10101 collected $36.58 from pot
*** SUMMARY ***
Total pot $38.50 | Rake $1.92 
Board [3c Qd 8s 6s Kh]
Seat 1: radu10101 showed [9d 8h] and won ($36.58) with a pair of Eights
Seat 2: blistein showed [Js Ac] and lost with high card Ace
Seat 3: mr.Jckpot (button) folded before Flop (didn't bet)
Seat 4: BGS013 (small blind) folded before Flop
Seat 5: magzi777 (big blind) folded before Flop
Seat 6: Burlica2013 folded before Flop (didn't bet)



PokerStars Hand #254484078429:  Hold'em No Limit ($0.50/$1.00 USD) - 2025/01/21 14:44:32 WET [2025/01/21 9:44:32 ET]
Table 'Anhui III' 6-max Seat #4 is the button
Seat 1: radu10101 ($109.32 in chips) 
Seat 2: blistein ($105.14 in chips) 
Seat 3: mr.Jckpot ($108.27 in chips) 
Seat 4: BGS013 ($100 in chips) 
Seat 5: magzi777 ($100 in chips) 
Seat 6: Burlica2013 ($101.50 in chips) 
magzi777: posts small blind $0.50
Burlica2013: posts big blind $1
*** HOLE CARDS ***
radu10101: folds 
blistein: folds 
mr.Jckpot: folds 
BGS013: folds 
magzi777: folds 
Uncalled bet ($0.50) returned to Burlica2013
Burlica2013 collected $1 from pot
Burlica2013: doesn't show hand 
*** SUMMARY ***
Total pot $1 | Rake $0 
Seat 1: radu10101 folded before Flop (didn't bet)
Seat 2: blistein folded before Flop (didn't bet)
Seat 3: mr.Jckpot folded before Flop (didn't bet)
Seat 4: BGS013 (button) folded before Flop (didn't bet)
Seat 5: magzi777 (small blind) folded before Flop
Seat 6: Burlica2013 (big blind) collected ($1)



PokerStars Hand #254484081479:  Hold'em No Limit ($0.50/$1.00 USD) - 2025/01/21 14:44:48 WET [2025/01/21 9:44:48 ET]
Table 'Anhui III' 6-max Seat #5 is the button
Seat 1: radu10101 ($109.32 in chips) 
Seat 2: blistein ($105.14 in chips) 
Seat 3: mr.Jckpot ($108.27 in chips) 
Seat 4: BGS013 ($100 in chips) 
Seat 5: magzi777 ($100 in chips) 
Seat 6: Burlica2013 ($102 in chips) 
Burlica2013: posts small blind $0.50
radu10101: posts big blind $1
*** HOLE CARDS ***
blistein: folds 
mr.Jckpot: folds 
BGS013: raises $1.50 to $2.50
magzi777: folds 
Burlica2013: folds 
radu10101: folds 
Uncalled bet ($1.50) returned to BGS013
BGS013 collected $2.50 from pot
BGS013: doesn't show hand 
*** SUMMARY ***
Total pot $2.50 | Rake $0 
Seat 1: radu10101 (big blind) folded before Flop
Seat 2: blistein folded before Flop (didn't bet)
Seat 3: mr.Jckpot folded before Flop (didn't bet)
Seat 4: BGS013 collected ($2.50)
Seat 5: magzi777 (button) folded before Flop (didn't bet)
Seat 6: Burlica2013 (small blind) folded before Flop



PokerStars Hand #254484085160:  Hold'em No Limit ($0.50/$1.00 USD) - 2025/01/21 14:45:07 WET [2025/01/21 9:45:07 ET]
Table 'Anhui III' 6-max Seat #6 is the button
Seat 1: radu10101 ($108.32 in chips) 
Seat 2: blistein ($105.14 in chips) 
Seat 3: mr.Jckpot ($108.27 in chips) 
Seat 4: BGS013 ($101.50 in chips) 
Seat 5: magzi777 ($100 in chips) 
Seat 6: Burlica2013 ($101.50 in chips) 
radu10101: posts small blind $0.50
blistein: posts big blind $1
*** HOLE CARDS ***
mr.Jckpot: folds 
BGS013: raises $1 to $2
magzi777: folds 
Burlica2013: raises $4.68 to $6.68
radu10101: folds 
blistein: folds 
BGS013: folds 
Uncalled bet ($4.68) returned to Burlica2013
Burlica2013 collected $5.50 from pot
Burlica2013: doesn't show hand 
*** SUMMARY ***
Total pot $5.50 | Rake $0 
Seat 1: radu10101 (small blind) folded before Flop
Seat 2: blistein (big blind) folded before Flop
Seat 3: mr.Jckpot folded before Flop (didn't bet)
Seat 4: BGS013 folded before Flop
Seat 5: magzi777 folded before Flop (didn't bet)
Seat 6: Burlica2013 (button) collected ($5.50)



PokerStars Hand #254484092042:  Hold'em No Limit ($0.50/$1.00 USD) - 2025/01/21 14:45:43 WET [2025/01/21 9:45:43 ET]
Table 'Anhui III' 6-max Seat #1 is the button
Seat 1: radu10101 ($107.82 in chips) 
Seat 2: blistein ($104.14 in chips) 
Seat 3: mr.Jckpot ($108.27 in chips) 
Seat 4: BGS013 ($100 in chips) 
Seat 5: magzi777 ($100 in chips) 
Seat 6: Burlica2013 ($105 in chips) 
blistein: posts small blind $0.50
mr.Jckpot: posts big blind $1
*** HOLE CARDS ***
BGS013: raises $1 to $2
magzi777: folds 
Burlica2013: folds 
radu10101: calls $2
blistein: folds 
mr.Jckpot: calls $1
*** FLOP *** [7s Kh 3h]
mr.Jckpot: checks 
BGS013: checks 
radu10101: checks 
*** TURN *** [7s Kh 3h] [3d]
mr.Jckpot: bets $3.40
BGS013: folds 
radu10101: folds 
Uncalled bet ($3.40) returned to mr.Jckpot
mr.Jckpot collected $6.18 from pot
mr.Jckpot: doesn't show hand 
*** SUMMARY ***
Total pot $6.50 | Rake $0.32 
Board [7s Kh 3h 3d]
Seat 1: radu10101 (button) folded on the Turn
Seat 2: blistein (small blind) folded before Flop
Seat 3: mr.Jckpot (big blind) collected ($6.18)
Seat 4: BGS013 folded on the Turn
Seat 5: magzi777 folded before Flop (didn't bet)
Seat 6: Burlica2013 folded before Flop (didn't bet)



PokerStars Hand #254484098923:  Hold'em No Limit ($0.50/$1.00 USD) - 2025/01/21 14:46:20 WET [2025/01/21 9:46:20 ET]
Table 'Anhui III' 6-max Seat #2 is the button
Seat 1: radu10101 ($105.82 in chips) 
Seat 2: blistein ($103.64 in chips) 
Seat 3: mr.Jckpot ($112.45 in chips) 
Seat 4: BGS013 ($100 in chips) 
Seat 5: magzi777 ($100 in chips) 
Seat 6: Burlica2013 ($105 in chips) 
mr.Jckpot: posts small blind $0.50
BGS013: posts big blind $1
*** HOLE CARDS ***
magzi777: folds 
Burlica2013: folds 
radu10101: folds 
blistein: folds 
mr.Jckpot: folds 
Uncalled bet ($0.50) returned to BGS013
BGS013 collected $1 from pot
BGS013: doesn't show hand 
*** SUMMARY ***
Total pot $1 | Rake $0 
Seat 1: radu10101 folded before Flop (didn't bet)
Seat 2: blistein (button) folded before Flop (didn't bet)
Seat 3: mr.Jckpot (small blind) folded before Flop
Seat 4: BGS013 (big blind) collected ($1)
Seat 5: magzi777 folded before Flop (didn't bet)
Seat 6: Burlica2013 folded before Flop (didn't bet)



PokerStars Hand #254484101410:  Hold'em No Limit ($0.50/$1.00 USD) - 2025/01/21 14:46:33 WET [2025/01/21 9:46:33 ET]
Table 'Anhui III' 6-max Seat #3 is the button
Seat 1: radu10101 ($105.82 in chips) 
Seat 2: blistein ($103.64 in chips) 
Seat 3: mr.Jckpot ($111.95 in chips) 
Seat 4: BGS013 ($100.50 in chips) 
Seat 5: magzi777 ($100 in chips) 
Seat 6: Burlica2013 ($105 in chips) 
BGS013: posts small blind $0.50
magzi777: posts big blind $1
*** HOLE CARDS ***
Burlica2013: raises $1.20 to $2.20
radu10101: calls $2.20
blistein: folds 
mr.Jckpot: folds 
BGS013: folds 
magzi777: calls $1.20
*** FLOP *** [Tc Ah 2s]
magzi777: checks 
Burlica2013: checks 
radu10101: bets $2
magzi777: folds 
Burlica2013: calls $2
*** TURN *** [Tc Ah 2s] [Qc]
Burlica2013: checks 
radu10101: bets $4
Burlica2013: calls $4
*** RIVER *** [Tc Ah 2s Qc] [4h]
Burlica2013: checks 
radu10101: bets $6
Burlica2013: raises $15.07 to $21.07
radu10101: calls $15.07
*** SHOW DOWN ***
Burlica2013: shows [4s As] (two pair, Aces and Fours)
radu10101: mucks hand 
Burlica2013 collected $58.74 from pot
*** SUMMARY ***
Total pot $61.24 | Rake $2.50 
Board [Tc Ah 2s Qc 4h]
Seat 1: radu10101 mucked
Seat 2: blistein folded before Flop (didn't bet)
Seat 3: mr.Jckpot (button) folded before Flop (didn't bet)
Seat 4: BGS013 (small blind) folded before Flop
Seat 5: magzi777 (big blind) folded on the Flop
Seat 6: Burlica2013 showed [4s As] and won ($58.74) with two pair, Aces and Fours



PokerStars Hand #254484116184:  Hold'em No Limit ($0.50/$1.00 USD) - 2025/01/21 14:47:51 WET [2025/01/21 9:47:51 ET]
Table 'Anhui III' 6-max Seat #4 is the button
Seat 1: radu10101 ($76.55 in chips) 
Seat 2: blistein ($103.64 in chips) 
Seat 3: mr.Jckpot ($111.95 in chips) 
Seat 4: BGS013 ($100 in chips) 
Seat 5: magzi777 ($100 in chips) 
Seat 6: Burlica2013 ($134.47 in chips) 
magzi777: posts small blind $0.50
Burlica2013: posts big blind $1
*** HOLE CARDS ***
radu10101: folds 
blistein: folds 
mr.Jckpot: folds 
BGS013: folds 
magzi777: folds 
Uncalled bet ($0.50) returned to Burlica2013
Burlica2013 collected $1 from pot
Burlica2013: doesn't show hand 
*** SUMMARY ***
Total pot $1 | Rake $0 
Seat 1: radu10101 folded before Flop (didn't bet)
Seat 2: blistein folded before Flop (didn't bet)
Seat 3: mr.Jckpot folded before Flop (didn't bet)
Seat 4: BGS013 (button) folded before Flop (didn't bet)
Seat 5: magzi777 (small blind) folded before Flop
Seat 6: Burlica2013 (big blind) collected ($1)



PokerStars Hand #254484118820:  Hold'em No Limit ($0.50/$1.00 USD) - 2025/01/21 14:48:05 WET [2025/01/21 9:48:05 ET]
Table 'Anhui III' 6-max Seat #5 is the button
Seat 1: radu10101 ($76.55 in chips) 
Seat 2: blistein ($103.64 in chips) 
Seat 3: mr.Jckpot ($111.95 in chips) 
Seat 4: BGS013 ($100 in chips) 
Seat 5: magzi777 ($100 in chips) 
Seat 6: Burlica2013 ($134.97 in chips) 
Burlica2013: posts small blind $0.50
radu10101: posts big blind $1
*** HOLE CARDS ***
blistein: folds 
mr.Jckpot: folds 
BGS013: folds 
magzi777: folds 
Burlica2013: raises $1.50 to $2.50
radu10101: folds 
Uncalled bet ($1.50) returned to Burlica2013
Burlica2013 collected $2 from pot
Burlica2013: doesn't show hand 
*** SUMMARY ***
Total pot $2 | Rake $0 
Seat 1: radu10101 (big blind) folded before Flop
Seat 2: blistein folded before Flop (didn't bet)
Seat 3: mr.Jckpot folded before Flop (didn't bet)
Seat 4: BGS013 folded before Flop (didn't bet)
Seat 5: magzi777 (button) folded before Flop (didn't bet)
Seat 6: Burlica2013 (small blind) collected ($2)



PokerStars Hand #254484122010:  Hold'em No Limit ($0.50/$1.00 USD) - 2025/01/21 14:48:22 WET [2025/01/21 9:48:22 ET]
Table 'Anhui III' 6-max Seat #6 is the button
Seat 1: radu10101 ($75.55 in chips) 
Seat 2: blistein ($103.64 in chips) 
Seat 3: mr.Jckpot ($111.95 in chips) 
Seat 4: BGS013 ($100 in chips) 
Seat 5: magzi777 ($100 in chips) 
Seat 6: Burlica2013 ($135.97 in chips) 
radu10101: posts small blind $0.50
blistein: posts big blind $1
*** HOLE CARDS ***
mr.Jckpot: folds 
BGS013: folds 
magzi777: raises $1.50 to $2.50
Burlica2013: calls $2.50
radu10101: folds 
blistein: raises $11.50 to $14
magzi777: raises $13 to $27
Burlica2013: folds 
blistein: folds 
Uncalled bet ($13) returned to magzi777
magzi777 collected $31 from pot
*** SUMMARY ***
Total pot $31 | Rake $0 
Seat 1: radu10101 (small blind) folded before Flop
Seat 2: blistein (big blind) folded before Flop
Seat 3: mr.Jckpot folded before Flop (didn't bet)
Seat 4: BGS013 folded before Flop (didn't bet)
Seat 5: magzi777 collected ($31)
Seat 6: Burlica2013 (button) folded before Flop



PokerStars Hand #254484134705:  Hold'em No Limit ($0.50/$1.00 USD) - 2025/01/21 14:49:29 WET [2025/01/21 9:49:29 ET]
Table 'Anhui III' 6-max Seat #1 is the button
Seat 1: radu10101 ($75.05 in chips) 
Seat 2: blistein ($100 in chips) 
Seat 3: mr.Jckpot ($111.95 in chips) 
Seat 4: BGS013 ($100 in chips) 
Seat 5: magzi777 ($117 in chips) 
Seat 6: Burlica2013 ($133.47 in chips) 
blistein: posts small blind $0.50
mr.Jckpot: posts big blind $1
*** HOLE CARDS ***
BGS013: folds 
magzi777: folds 
Burlica2013: folds 
radu10101: calls $1
blistein: folds 
mr.Jckpot: checks 
*** FLOP *** [5c Qc 4h]
mr.Jckpot: checks 
radu10101: checks 
*** TURN *** [5c Qc 4h] [Ac]
mr.Jckpot: checks 
radu10101: checks 
*** RIVER *** [5c Qc 4h Ac] [6h]
mr.Jckpot: checks 
radu10101: checks 
*** SHOW DOWN ***
mr.Jckpot: shows [Kd 3c] (high card Ace)
radu10101: shows [Kh 9h] (high card Ace - King+Queen+Nine kicker)
radu10101 collected $2.38 from pot
*** SUMMARY ***
Total pot $2.50 | Rake $0.12 
Board [5c Qc 4h Ac 6h]
Seat 1: radu10101 (button) showed [Kh 9h] and won ($2.38) with high card Ace
Seat 2: blistein (small blind) folded before Flop
Seat 3: mr.Jckpot (big blind) showed [Kd 3c] and lost with high card Ace
Seat 4: BGS013 folded before Flop (didn't bet)
Seat 5: magzi777 folded before Flop (didn't bet)
Seat 6: Burlica2013 folded before Flop (didn't bet)



PokerStars Hand #254484146323:  Hold'em No Limit ($0.50/$1.00 USD) - 2025/01/21 14:50:31 WET [2025/01/21 9:50:31 ET]
Table 'Anhui III' 6-max Seat #2 is the button
Seat 1: radu10101 ($76.43 in chips) 
Seat 2: blistein ($100 in chips) 
Seat 3: mr.Jckpot ($110.95 in chips) 
Seat 4: BGS013 ($100 in chips) 
Seat 5: magzi777 ($117 in chips) 
Seat 6: Burlica2013 ($133.47 in chips) 
mr.Jckpot: posts small blind $0.50
BGS013: posts big blind $1
*** HOLE CARDS ***
magzi777: folds 
Burlica2013: folds 
radu10101: calls $1
blistein: folds 
mr.Jckpot: folds 
BGS013: raises $4 to $5
radu10101: folds 
Uncalled bet ($4) returned to BGS013
BGS013 collected $2.50 from pot
BGS013: doesn't show hand 
*** SUMMARY ***
Total pot $2.50 | Rake $0 
Seat 1: radu10101 folded before Flop
Seat 2: blistein (button) folded before Flop (didn't bet)
Seat 3: mr.Jckpot (small blind) folded before Flop
Seat 4: BGS013 (big blind) collected ($2.50)
Seat 5: magzi777 folded before Flop (didn't bet)
Seat 6: Burlica2013 folded before Flop (didn't bet)



PokerStars Hand #254484151371:  Hold'em No Limit ($0.50/$1.00 USD) - 2025/01/21 14:50:58 WET [2025/01/21 9:50:58 ET]
Table 'Anhui III' 6-max Seat #3 is the button
Seat 1: radu10101 ($75.43 in chips) 
Seat 2: blistein ($100 in chips) 
Seat 3: mr.Jckpot ($110.45 in chips) 
Seat 4: BGS013 ($101.50 in chips) 
Seat 5: magzi777 ($117 in chips) 
Seat 6: Burlica2013 ($133.47 in chips) 
BGS013: posts small blind $0.50
magzi777: posts big blind $1
*** HOLE CARDS ***
Burlica2013: folds 
radu10101: folds 
blistein: folds 
mr.Jckpot: raises $1.50 to $2.50
BGS013: folds 
magzi777: folds 
Uncalled bet ($1.50) returned to mr.Jckpot
mr.Jckpot collected $2.50 from pot
mr.Jckpot: doesn't show hand 
*** SUMMARY ***
Total pot $2.50 | Rake $0 
Seat 1: radu10101 folded before Flop (didn't bet)
Seat 2: blistein folded before Flop (didn't bet)
Seat 3: mr.Jckpot (button) collected ($2.50)
Seat 4: BGS013 (small blind) folded before Flop
Seat 5: magzi777 (big blind) folded before Flop
Seat 6: Burlica2013 folded before Flop (didn't bet)



PokerStars Hand #254484154909:  Hold'em No Limit ($0.50/$1.00 USD) - 2025/01/21 14:51:16 WET [2025/01/21 9:51:16 ET]
Table 'Anhui III' 6-max Seat #4 is the button
Seat 1: radu10101 ($75.43 in chips) 
Seat 2: blistein ($100 in chips) 
Seat 3: mr.Jckpot ($111.95 in chips) 
Seat 4: BGS013 ($101 in chips) 
Seat 5: magzi777 ($116 in chips) 
Seat 6: Burlica2013 ($133.47 in chips) 
magzi777: posts small blind $0.50
Burlica2013: posts big blind $1
*** HOLE CARDS ***
radu10101: folds 
blistein: folds 
mr.Jckpot: folds 
BGS013: folds 
magzi777: folds 
Uncalled bet ($0.50) returned to Burlica2013
Burlica2013 collected $1 from pot
Burlica2013: doesn't show hand 
*** SUMMARY ***
Total pot $1 | Rake $0 
Seat 1: radu10101 folded before Flop (didn't bet)
Seat 2: blistein folded before Flop (didn't bet)
Seat 3: mr.Jckpot folded before Flop (didn't bet)
Seat 4: BGS013 (button) folded before Flop (didn't bet)
Seat 5: magzi777 (small blind) folded before Flop
Seat 6: Burlica2013 (big blind) collected ($1)



PokerStars Hand #254484158274:  Hold'em No Limit ($0.50/$1.00 USD) - 2025/01/21 14:51:34 WET [2025/01/21 9:51:34 ET]
Table 'Anhui III' 6-max Seat #5 is the button
Seat 1: radu10101 ($75.43 in chips) 
Seat 2: blistein ($100 in chips) 
Seat 3: mr.Jckpot ($111.95 in chips) 
Seat 4: BGS013 ($101 in chips) 
Seat 5: magzi777 ($115.50 in chips) 
Seat 6: Burlica2013 ($133.97 in chips) 
Burlica2013: posts small blind $0.50
radu10101: posts big blind $1
*** HOLE CARDS ***
blistein: folds 
mr.Jckpot: raises $1.50 to $2.50
BGS013: folds 
magzi777: folds 
Burlica2013: folds 
radu10101: calls $1.50
*** FLOP *** [3c 9c Qc]
radu10101: bets $2
mr.Jckpot: calls $2
*** TURN *** [3c 9c Qc] [7s]
radu10101: checks 
mr.Jckpot: bets $5
radu10101: folds 
Uncalled bet ($5) returned to mr.Jckpot
mr.Jckpot collected $9.02 from pot
mr.Jckpot: doesn't show hand 
*** SUMMARY ***
Total pot $9.50 | Rake $0.48 
Board [3c 9c Qc 7s]
Seat 1: radu10101 (big blind) folded on the Turn
Seat 2: blistein folded before Flop (didn't bet)
Seat 3: mr.Jckpot collected ($9.02)
Seat 4: BGS013 folded before Flop (didn't bet)
Seat 5: magzi777 (button) folded before Flop (didn't bet)
Seat 6: Burlica2013 (small blind) folded before Flop



PokerStars Hand #254484163564:  Hold'em No Limit ($0.50/$1.00 USD) - 2025/01/21 14:52:02 WET [2025/01/21 9:52:02 ET]
Table 'Anhui III' 6-max Seat #6 is the button
Seat 1: radu10101 ($70.93 in chips) 
Seat 2: blistein ($100 in chips) 
Seat 3: mr.Jckpot ($116.47 in chips) 
Seat 4: BGS013 ($101 in chips) 
Seat 5: magzi777 ($115.50 in chips) 
Seat 6: Burlica2013 ($133.47 in chips) 
radu10101: posts small blind $0.50
blistein: posts big blind $1
*** HOLE CARDS ***
mr.Jckpot: folds 
BGS013: folds 
magzi777: folds 
Burlica2013: raises $1.45 to $2.45
radu10101: folds 
blistein: folds 
Uncalled bet ($1.45) returned to Burlica2013
Burlica2013 collected $2.50 from pot
Burlica2013: doesn't show hand 
*** SUMMARY ***
Total pot $2.50 | Rake $0 
Seat 1: radu10101 (small blind) folded before Flop
Seat 2: blistein (big blind) folded before Flop
Seat 3: mr.Jckpot folded before Flop (didn't bet)
Seat 4: BGS013 folded before Flop (didn't bet)
Seat 5: magzi777 folded before Flop (didn't bet)
Seat 6: Burlica2013 (button) collected ($2.50)



PokerStars Hand #254484168041:  Hold'em No Limit ($0.50/$1.00 USD) - 2025/01/21 14:52:25 WET [2025/01/21 9:52:25 ET]
Table 'Anhui III' 6-max Seat #1 is the button
Seat 1: radu10101 ($70.43 in chips) 
Seat 2: blistein ($100 in chips) 
Seat 3: mr.Jckpot ($116.47 in chips) 
Seat 4: BGS013 ($101 in chips) 
Seat 5: magzi777 ($115.50 in chips) 
Seat 6: Burlica2013 ($134.97 in chips) 
blistein: posts small blind $0.50
mr.Jckpot: posts big blind $1
*** HOLE CARDS ***
BGS013: folds 
magzi777: folds 
Burlica2013: folds 
radu10101: calls $1
blistein: calls $0.50
mr.Jckpot: checks 
*** FLOP *** [4d 3d Kc]
blistein: checks 
mr.Jckpot: checks 
radu10101: bets $2
blistein: folds 
mr.Jckpot: folds 
Uncalled bet ($2) returned to radu10101
radu10101 collected $2.85 from pot
*** SUMMARY ***
Total pot $3 | Rake $0.15 
Board [4d 3d Kc]
Seat 1: radu10101 (button) collected ($2.85)
Seat 2: blistein (small blind) folded on the Flop
Seat 3: mr.Jckpot (big blind) folded on the Flop
Seat 4: BGS013 folded before Flop (didn't bet)
Seat 5: magzi777 folded before Flop (didn't bet)
Seat 6: Burlica2013 folded before Flop (didn't bet)



PokerStars Hand #254484178443:  Hold'em No Limit ($0.50/$1.00 USD) - 2025/01/21 14:53:19 WET [2025/01/21 9:53:19 ET]
Table 'Anhui III' 6-max Seat #2 is the button
Seat 1: radu10101 ($72.28 in chips) 
Seat 2: blistein ($100 in chips) 
Seat 3: mr.Jckpot ($115.47 in chips) 
Seat 4: BGS013 ($101 in chips) 
Seat 5: magzi777 ($115.50 in chips) 
Seat 6: Burlica2013 ($134.97 in chips) 
mr.Jckpot: posts small blind $0.50
BGS013: posts big blind $1
*** HOLE CARDS ***
magzi777: folds 
Burlica2013: folds 
radu10101: folds 
blistein: folds 
mr.Jckpot: folds 
Uncalled bet ($0.50) returned to BGS013
BGS013 collected $1 from pot
BGS013: doesn't show hand 
*** SUMMARY ***
Total pot $1 | Rake $0 
Seat 1: radu10101 folded before Flop (didn't bet)
Seat 2: blistein (button) folded before Flop (didn't bet)
Seat 3: mr.Jckpot (small blind) folded before Flop
Seat 4: BGS013 (big blind) collected ($1)
Seat 5: magzi777 folded before Flop (didn't bet)
Seat 6: Burlica2013 folded before Flop (didn't bet)



PokerStars Hand #254484181615:  Hold'em No Limit ($0.50/$1.00 USD) - 2025/01/21 14:53:37 WET [2025/01/21 9:53:37 ET]
Table 'Anhui III' 6-max Seat #3 is the button
Seat 1: radu10101 ($72.28 in chips) 
Seat 2: blistein ($100 in chips) 
Seat 3: mr.Jckpot ($114.97 in chips) 
Seat 4: BGS013 ($101.50 in chips) 
Seat 5: magzi777 ($115.50 in chips) 
Seat 6: Burlica2013 ($134.97 in chips) 
BGS013: posts small blind $0.50
magzi777: posts big blind $1
*** HOLE CARDS ***
Burlica2013: folds 
radu10101: folds 
blistein: folds 
mr.Jckpot: raises $1.50 to $2.50
BGS013: folds 
magzi777: calls $1.50
*** FLOP *** [2d 5c 6c]
magzi777: checks 
mr.Jckpot: checks 
*** TURN *** [2d 5c 6c] [2h]
magzi777: bets $3.45
mr.Jckpot: folds 
Uncalled bet ($3.45) returned to magzi777
magzi777 collected $5.22 from pot
*** SUMMARY ***
Total pot $5.50 | Rake $0.28 
Board [2d 5c 6c 2h]
Seat 1: radu10101 folded before Flop (didn't bet)
Seat 2: blistein folded before Flop (didn't bet)
Seat 3: mr.Jckpot (button) folded on the Turn
Seat 4: BGS013 (small blind) folded before Flop
Seat 5: magzi777 (big blind) collected ($5.22)
Seat 6: Burlica2013 folded before Flop (didn't bet)



PokerStars Hand #254484196066:  Hold'em No Limit ($0.50/$1.00 USD) - 2025/01/21 14:54:53 WET [2025/01/21 9:54:53 ET]
Table 'Anhui III' 6-max Seat #4 is the button
Seat 1: radu10101 ($72.28 in chips) 
Seat 2: blistein ($100 in chips) 
Seat 3: mr.Jckpot ($112.47 in chips) 
Seat 4: BGS013 ($101 in chips) 
Seat 5: magzi777 ($118.22 in chips) 
Seat 6: Burlica2013 ($134.97 in chips) 
magzi777: posts small blind $0.50
Burlica2013: posts big blind $1
*** HOLE CARDS ***
radu10101: folds 
blistein: raises $1.20 to $2.20
mr.Jckpot: folds 
BGS013: folds 
magzi777: folds 
Burlica2013: folds 
Uncalled bet ($1.20) returned to blistein
blistein collected $2.50 from pot
blistein: doesn't show hand 
*** SUMMARY ***
Total pot $2.50 | Rake $0 
Seat 1: radu10101 folded before Flop (didn't bet)
Seat 2: blistein collected ($2.50)
Seat 3: mr.Jckpot folded before Flop (didn't bet)
Seat 4: BGS013 (button) folded before Flop (didn't bet)
Seat 5: magzi777 (small blind) folded before Flop
Seat 6: Burlica2013 (big blind) folded before Flop



PokerStars Hand #254484200114:  Hold'em No Limit ($0.50/$1.00 USD) - 2025/01/21 14:55:18 WET [2025/01/21 9:55:18 ET]
Table 'Anhui III' 6-max Seat #5 is the button
Seat 1: radu10101 ($72.28 in chips) 
Seat 2: blistein ($101.50 in chips) 
Seat 3: mr.Jckpot ($112.47 in chips) 
Seat 4: BGS013 ($101 in chips) 
Seat 5: magzi777 ($117.72 in chips) 
Seat 6: Burlica2013 ($133.97 in chips) 
Burlica2013: posts small blind $0.50
radu10101: posts big blind $1
*** HOLE CARDS ***
blistein: folds 
mr.Jckpot: folds 
BGS013: raises $1.50 to $2.50
magzi777: folds 
Burlica2013: folds 
radu10101: folds 
Uncalled bet ($1.50) returned to BGS013
BGS013 collected $2.50 from pot
BGS013: doesn't show hand 
*** SUMMARY ***
Total pot $2.50 | Rake $0 
Seat 1: radu10101 (big blind) folded before Flop
Seat 2: blistein folded before Flop (didn't bet)
Seat 3: mr.Jckpot folded before Flop (didn't bet)
Seat 4: BGS013 collected ($2.50)
Seat 5: magzi777 (button) folded before Flop (didn't bet)
Seat 6: Burlica2013 (small blind) folded before Flop



PokerStars Hand #254484204040:  Hold'em No Limit ($0.50/$1.00 USD) - 2025/01/21 14:55:44 WET [2025/01/21 9:55:44 ET]
Table 'Anhui III' 6-max Seat #6 is the button
Seat 1: radu10101 ($71.28 in chips) 
Seat 2: blistein ($101.50 in chips) 
Seat 3: mr.Jckpot ($112.47 in chips) 
Seat 4: BGS013 ($102.50 in chips) 
Seat 5: magzi777 ($117.72 in chips) 
Seat 6: Burlica2013 ($133.47 in chips) 
radu10101: posts small blind $0.50
blistein: posts big blind $1
*** HOLE CARDS ***
mr.Jckpot: folds 
BGS013: folds 
magzi777: folds 
Burlica2013: folds 
radu10101: calls $0.50
blistein: checks 
*** FLOP *** [9d Tc Kc]
radu10101: bets $1
blistein: calls $1
*** TURN *** [9d Tc Kc] [8s]
radu10101: bets $2
blistein: calls $2
*** RIVER *** [9d Tc Kc 8s] [Ts]
radu10101: bets $4
blistein: folds 
Uncalled bet ($4) returned to radu10101
radu10101 collected $7.60 from pot
*** SUMMARY ***
Total pot $8 | Rake $0.40 
Board [9d Tc Kc 8s Ts]
Seat 1: radu10101 (small blind) collected ($7.60)
Seat 2: blistein (big blind) folded on the River
Seat 3: mr.Jckpot folded before Flop (didn't bet)
Seat 4: BGS013 folded before Flop (didn't bet)
Seat 5: magzi777 folded before Flop (didn't bet)
Seat 6: Burlica2013 (button) folded before Flop (didn't bet)



PokerStars Hand #254484212325:  Hold'em No Limit ($0.50/$1.00 USD) - 2025/01/21 14:56:40 WET [2025/01/21 9:56:40 ET]
Table 'Anhui III' 6-max Seat #1 is the button
Seat 1: radu10101 ($74.88 in chips) 
Seat 2: blistein ($100 in chips) 
Seat 3: mr.Jckpot ($112.47 in chips) 
Seat 4: BGS013 ($102.50 in chips) 
Seat 5: magzi777 ($117.72 in chips) 
Seat 6: Burlica2013 ($133.47 in chips) 
blistein: posts small blind $0.50
mr.Jckpot: posts big blind $1
*** HOLE CARDS ***
BGS013: folds 
magzi777: folds 
Burlica2013: folds 
radu10101: folds 
blistein: raises $2 to $3
mr.Jckpot: folds 
Uncalled bet ($2) returned to blistein
blistein collected $2 from pot
blistein: doesn't show hand 
*** SUMMARY ***
Total pot $2 | Rake $0 
Seat 1: radu10101 (button) folded before Flop (didn't bet)
Seat 2: blistein (small blind) collected ($2)
Seat 3: mr.Jckpot (big blind) folded before Flop
Seat 4: BGS013 folded before Flop (didn't bet)
Seat 5: magzi777 folded before Flop (didn't bet)
Seat 6: Burlica2013 folded before Flop (didn't bet)



PokerStars Hand #254484217866:  Hold'em No Limit ($0.50/$1.00 USD) - 2025/01/21 14:57:17 WET [2025/01/21 9:57:17 ET]
Table 'Anhui III' 6-max Seat #2 is the button
Seat 1: radu10101 ($74.88 in chips) 
Seat 2: blistein ($101 in chips) 
Seat 3: mr.Jckpot ($111.47 in chips) 
Seat 4: BGS013 ($102.50 in chips) 
Seat 5: magzi777 ($117.72 in chips) 
Seat 6: Burlica2013 ($133.47 in chips) 
mr.Jckpot: posts small blind $0.50
BGS013: posts big blind $1
*** HOLE CARDS ***
magzi777: folds 
Burlica2013: folds 
radu10101: calls $1
blistein: folds 
mr.Jckpot: raises $3.50 to $4.50
BGS013: folds 
radu10101: calls $3.50
*** FLOP *** [7d 7c 7s]
mr.Jckpot: bets $3.14
radu10101: calls $3.14
*** TURN *** [7d 7c 7s] [5s]
mr.Jckpot: checks 
radu10101: bets $5
mr.Jckpot: calls $5
*** RIVER *** [7d 7c 7s 5s] [2h]
mr.Jckpot: checks 
radu10101: bets $8
mr.Jckpot: folds 
Uncalled bet ($8) returned to radu10101
radu10101 collected $24.97 from pot
*** SUMMARY ***
Total pot $26.28 | Rake $1.31 
Board [7d 7c 7s 5s 2h]
Seat 1: radu10101 collected ($24.97)
Seat 2: blistein (button) folded before Flop (didn't bet)
Seat 3: mr.Jckpot (small blind) folded on the River
Seat 4: BGS013 (big blind) folded before Flop
Seat 5: magzi777 folded before Flop (didn't bet)
Seat 6: Burlica2013 folded before Flop (didn't bet)



PokerStars Hand #254484227059:  Hold'em No Limit ($0.50/$1.00 USD) - 2025/01/21 14:58:19 WET [2025/01/21 9:58:19 ET]
Table 'Anhui III' 6-max Seat #3 is the button
Seat 1: radu10101 ($87.21 in chips) 
Seat 2: blistein ($101 in chips) 
Seat 3: mr.Jckpot ($100 in chips) 
Seat 4: BGS013 ($101.50 in chips) 
Seat 5: magzi777 ($117.72 in chips) 
Seat 6: Burlica2013 ($133.47 in chips) 
BGS013: posts small blind $0.50
magzi777: posts big blind $1
*** HOLE CARDS ***
Burlica2013: folds 
radu10101: calls $1
blistein: raises $2.50 to $3.50
mr.Jckpot: raises $7 to $10.50
BGS013: folds 
magzi777: folds 
radu10101: folds 
blistein: folds 
Uncalled bet ($7) returned to mr.Jckpot
mr.Jckpot collected $9.50 from pot
mr.Jckpot: doesn't show hand 
*** SUMMARY ***
Total pot $9.50 | Rake $0 
Seat 1: radu10101 folded before Flop
Seat 2: blistein folded before Flop
Seat 3: mr.Jckpot (button) collected ($9.50)
Seat 4: BGS013 (small blind) folded before Flop
Seat 5: magzi777 (big blind) folded before Flop
Seat 6: Burlica2013 folded before Flop (didn't bet)



PokerStars Hand #254484231664:  Hold'em No Limit ($0.50/$1.00 USD) - 2025/01/21 14:58:50 WET [2025/01/21 9:58:50 ET]
Table 'Anhui III' 6-max Seat #4 is the button
Seat 1: radu10101 ($86.21 in chips) 
Seat 2: blistein ($100 in chips) 
Seat 3: mr.Jckpot ($106 in chips) 
Seat 4: BGS013 ($101 in chips) 
Seat 5: magzi777 ($116.72 in chips) 
Seat 6: Burlica2013 ($133.47 in chips) 
magzi777: posts small blind $0.50
Burlica2013: posts big blind $1
*** HOLE CARDS ***
radu10101: calls $1
blistein: folds 
mr.Jckpot: folds 
BGS013: folds 
magzi777: raises $5 to $6
Burlica2013: folds 
radu10101: folds 
Uncalled bet ($5) returned to magzi777
magzi777 collected $3 from pot
*** SUMMARY ***
Total pot $3 | Rake $0 
Seat 1: radu10101 folded before Flop
Seat 2: blistein folded before Flop (didn't bet)
Seat 3: mr.Jckpot folded before Flop (didn't bet)
Seat 4: BGS013 (button) folded before Flop (didn't bet)
Seat 5: magzi777 (small blind) collected ($3)
Seat 6: Burlica2013 (big blind) folded before Flop



PokerStars Hand #254484238364:  Hold'em No Limit ($0.50/$1.00 USD) - 2025/01/21 14:59:34 WET [2025/01/21 9:59:34 ET]
Table 'Anhui III' 6-max Seat #5 is the button
Seat 1: radu10101 ($85.21 in chips) 
Seat 2: blistein ($100 in chips) 
Seat 3: mr.Jckpot ($106 in chips) 
Seat 4: BGS013 ($101 in chips) 
Seat 5: magzi777 ($118.72 in chips) 
Seat 6: Burlica2013 ($132.47 in chips) 
Burlica2013: posts small blind $0.50
radu10101: posts big blind $1
*** HOLE CARDS ***
blistein: folds 
mr.Jckpot: folds 
BGS013: folds 
magzi777: folds 
Burlica2013: folds 
Uncalled bet ($0.50) returned to radu10101
radu10101 collected $1 from pot
*** SUMMARY ***
Total pot $1 | Rake $0 
Seat 1: radu10101 (big blind) collected ($1)
Seat 2: blistein folded before Flop (didn't bet)
Seat 3: mr.Jckpot folded before Flop (didn't bet)
Seat 4: BGS013 folded before Flop (didn't bet)
Seat 5: magzi777 (button) folded before Flop (didn't bet)
Seat 6: Burlica2013 (small blind) folded before Flop



PokerStars Hand #254484241505:  Hold'em No Limit ($0.50/$1.00 USD) - 2025/01/21 14:59:55 WET [2025/01/21 9:59:55 ET]
Table 'Anhui III' 6-max Seat #6 is the button
Seat 1: radu10101 ($85.71 in chips) 
Seat 2: blistein ($100 in chips) 
Seat 3: mr.Jckpot ($106 in chips) 
Seat 4: BGS013 ($101 in chips) 
Seat 5: magzi777 ($118.72 in chips) 
Seat 6: Burlica2013 ($131.97 in chips) 
radu10101: posts small blind $0.50
blistein: posts big blind $1
*** HOLE CARDS ***
mr.Jckpot: folds 
BGS013: folds 
magzi777: raises $1.50 to $2.50
Burlica2013: folds 
radu10101: calls $2
blistein: folds 
*** FLOP *** [Qs 8d 3s]
radu10101: checks 
magzi777: bets $2
radu10101: folds 
Uncalled bet ($2) returned to magzi777
magzi777 collected $5.70 from pot
*** SUMMARY ***
Total pot $6 | Rake $0.30 
Board [Qs 8d 3s]
Seat 1: radu10101 (small blind) folded on the Flop
Seat 2: blistein (big blind) folded before Flop
Seat 3: mr.Jckpot folded before Flop (didn't bet)
Seat 4: BGS013 folded before Flop (didn't bet)
Seat 5: magzi777 collected ($5.70)
Seat 6: Burlica2013 (button) folded before Flop (didn't bet)



PokerStars Hand #254484253091:  Hold'em No Limit ($0.50/$1.00 USD) - 2025/01/21 15:01:05 WET [2025/01/21 10:01:05 ET]
Table 'Anhui III' 6-max Seat #1 is the button
Seat 1: radu10101 ($83.21 in chips) 
Seat 2: blistein ($100 in chips) 
Seat 3: mr.Jckpot ($106 in chips) 
Seat 4: BGS013 ($101 in chips) 
Seat 5: magzi777 ($121.92 in chips) 
Seat 6: Burlica2013 ($131.97 in chips) 
blistein: posts small blind $0.50
mr.Jckpot: posts big blind $1
*** HOLE CARDS ***
BGS013: folds 
magzi777: folds 
Burlica2013: folds 
radu10101: raises $2 to $3
blistein: folds 
mr.Jckpot: folds 
Uncalled bet ($2) returned to radu10101
radu10101 collected $2.50 from pot
*** SUMMARY ***
Total pot $2.50 | Rake $0 
Seat 1: radu10101 (button) collected ($2.50)
Seat 2: blistein (small blind) folded before Flop
Seat 3: mr.Jckpot (big blind) folded before Flop
Seat 4: BGS013 folded before Flop (didn't bet)
Seat 5: magzi777 folded before Flop (didn't bet)
Seat 6: Burlica2013 folded before Flop (didn't bet)



PokerStars Hand #254484257154:  Hold'em No Limit ($0.50/$1.00 USD) - 2025/01/21 15:01:27 WET [2025/01/21 10:01:27 ET]
Table 'Anhui III' 6-max Seat #2 is the button
Seat 1: radu10101 ($84.71 in chips) 
Seat 2: blistein ($100 in chips) 
Seat 3: mr.Jckpot ($105 in chips) 
Seat 4: BGS013 ($101 in chips) 
Seat 5: magzi777 ($121.92 in chips) 
Seat 6: Burlica2013 ($131.97 in chips) 
mr.Jckpot: posts small blind $0.50
BGS013: posts big blind $1
*** HOLE CARDS ***
magzi777: raises $1.50 to $2.50
Burlica2013: folds 
radu10101: calls $2.50
blistein: folds 
mr.Jckpot: folds 
BGS013: raises $11 to $13.50
magzi777: raises $13.50 to $27
radu10101: folds 
BGS013: folds 
Uncalled bet ($13.50) returned to magzi777
magzi777 collected $30 from pot
*** SUMMARY ***
Total pot $30 | Rake $0 
Seat 1: radu10101 folded before Flop
Seat 2: blistein (button) folded before Flop (didn't bet)
Seat 3: mr.Jckpot (small blind) folded before Flop
Seat 4: BGS013 (big blind) folded before Flop
Seat 5: magzi777 collected ($30)
Seat 6: Burlica2013 folded before Flop (didn't bet)



PokerStars Hand #254484262495:  Hold'em No Limit ($0.50/$1.00 USD) - 2025/01/21 15:01:57 WET [2025/01/21 10:01:57 ET]
Table 'Anhui III' 6-max Seat #3 is the button
Seat 1: radu10101 ($82.21 in chips) 
Seat 2: blistein ($100 in chips) 
Seat 3: mr.Jckpot ($104.50 in chips) 
Seat 4: BGS013 ($100 in chips) 
Seat 5: magzi777 ($138.42 in chips) 
Seat 6: Burlica2013 ($131.97 in chips) 
BGS013: posts small blind $0.50
magzi777: posts big blind $1
*** HOLE CARDS ***
Burlica2013: folds 
radu10101: folds 
blistein: folds 
mr.Jckpot: folds 
BGS013: folds 
Uncalled bet ($0.50) returned to magzi777
magzi777 collected $1 from pot
*** SUMMARY ***
Total pot $1 | Rake $0 
Seat 1: radu10101 folded before Flop (didn't bet)
Seat 2: blistein folded before Flop (didn't bet)
Seat 3: mr.Jckpot (button) folded before Flop (didn't bet)
Seat 4: BGS013 (small blind) folded before Flop
Seat 5: magzi777 (big blind) collected ($1)
Seat 6: Burlica2013 folded before Flop (didn't bet)



PokerStars Hand #254484266259:  Hold'em No Limit ($0.50/$1.00 USD) - 2025/01/21 15:02:16 WET [2025/01/21 10:02:16 ET]
Table 'Anhui III' 6-max Seat #4 is the button
Seat 1: radu10101 ($82.21 in chips) 
Seat 2: blistein ($100 in chips) 
Seat 3: mr.Jckpot ($104.50 in chips) 
Seat 4: BGS013 ($100 in chips) 
Seat 5: magzi777 ($138.92 in chips) 
Seat 6: Burlica2013 ($131.97 in chips) 
magzi777: posts small blind $0.50
Burlica2013: posts big blind $1
*** HOLE CARDS ***
radu10101: calls $1
blistein: raises $1.20 to $2.20
mr.Jckpot: folds 
BGS013: folds 
magzi777: folds 
Burlica2013: folds 
radu10101: calls $1.20
*** FLOP *** [Kc Jc 2c]
radu10101: checks 
blistein: checks 
*** TURN *** [Kc Jc 2c] [4d]
radu10101: checks 
blistein: bets $4.71
radu10101: folds 
Uncalled bet ($4.71) returned to blistein
blistein collected $5.60 from pot
blistein: doesn't show hand 
*** SUMMARY ***
Total pot $5.90 | Rake $0.30 
Board [Kc Jc 2c 4d]
Seat 1: radu10101 folded on the Turn
Seat 2: blistein collected ($5.60)
Seat 3: mr.Jckpot folded before Flop (didn't bet)
Seat 4: BGS013 (button) folded before Flop (didn't bet)
Seat 5: magzi777 (small blind) folded before Flop
Seat 6: Burlica2013 (big blind) folded before Flop



PokerStars Hand #254484278418:  Hold'em No Limit ($0.50/$1.00 USD) - 2025/01/21 15:03:21 WET [2025/01/21 10:03:21 ET]
Table 'Anhui III' 6-max Seat #5 is the button
Seat 1: radu10101 ($80.01 in chips) 
Seat 2: blistein ($103.40 in chips) 
Seat 3: mr.Jckpot ($104.50 in chips) 
Seat 4: BGS013 ($100 in chips) 
Seat 5: magzi777 ($138.42 in chips) 
Seat 6: Burlica2013 ($130.97 in chips) 
Burlica2013: posts small blind $0.50
radu10101: posts big blind $1
*** HOLE CARDS ***
blistein: folds 
mr.Jckpot: folds 
BGS013: folds 
magzi777: folds 
Burlica2013: raises $1.50 to $2.50
radu10101: calls $1.50
*** FLOP *** [2s 3s Ks]
Burlica2013: bets $1.57
radu10101: folds 
Uncalled bet ($1.57) returned to Burlica2013
Burlica2013 collected $4.75 from pot
Burlica2013: doesn't show hand 
*** SUMMARY ***
Total pot $5 | Rake $0.25 
Board [2s 3s Ks]
Seat 1: radu10101 (big blind) folded on the Flop
Seat 2: blistein folded before Flop (didn't bet)
Seat 3: mr.Jckpot folded before Flop (didn't bet)
Seat 4: BGS013 folded before Flop (didn't bet)
Seat 5: magzi777 (button) folded before Flop (didn't bet)
Seat 6: Burlica2013 (small blind) collected ($4.75)



PokerStars Hand #254484281830:  Hold'em No Limit ($0.50/$1.00 USD) - 2025/01/21 15:03:39 WET [2025/01/21 10:03:39 ET]
Table 'Anhui III' 6-max Seat #6 is the button
Seat 1: radu10101 ($77.51 in chips) 
Seat 2: blistein ($103.40 in chips) 
Seat 3: mr.Jckpot ($104.50 in chips) 
Seat 4: BGS013 ($100 in chips) 
Seat 5: magzi777 ($138.42 in chips) 
Seat 6: Burlica2013 ($133.22 in chips) 
radu10101: posts small blind $0.50
blistein: posts big blind $1
*** HOLE CARDS ***
mr.Jckpot: folds 
BGS013: folds 
magzi777: folds 
Burlica2013: raises $1.45 to $2.45
radu10101: calls $1.95
blistein: calls $1.45
*** FLOP *** [As 5d 4d]
radu10101: checks 
blistein: checks 
Burlica2013: checks 
*** TURN *** [As 5d 4d] [8s]
radu10101: checks 
blistein: checks 
Burlica2013: checks 
*** RIVER *** [As 5d 4d 8s] [Kh]
radu10101: bets $2
blistein: folds 
Burlica2013: calls $2
*** SHOW DOWN ***
radu10101: shows [Qs Kd] (a pair of Kings)
Burlica2013: mucks hand 
radu10101 collected $10.78 from pot
*** SUMMARY ***
Total pot $11.35 | Rake $0.57 
Board [As 5d 4d 8s Kh]
Seat 1: radu10101 (small blind) showed [Qs Kd] and won ($10.78) with a pair of Kings
Seat 2: blistein (big blind) folded on the River
Seat 3: mr.Jckpot folded before Flop (didn't bet)
Seat 4: BGS013 folded before Flop (didn't bet)
Seat 5: magzi777 folded before Flop (didn't bet)
Seat 6: Burlica2013 (button) mucked



PokerStars Hand #254484294661:  Hold'em No Limit ($0.50/$1.00 USD) - 2025/01/21 15:04:45 WET [2025/01/21 10:04:45 ET]
Table 'Anhui III' 6-max Seat #1 is the button
Seat 1: radu10101 ($83.84 in chips) 
Seat 2: blistein ($100.95 in chips) 
Seat 3: mr.Jckpot ($104.50 in chips) 
Seat 4: BGS013 ($100 in chips) 
Seat 5: magzi777 ($138.42 in chips) 
Seat 6: Burlica2013 ($128.77 in chips) 
blistein: posts small blind $0.50
mr.Jckpot: posts big blind $1
*** HOLE CARDS ***
BGS013: folds 
magzi777: folds 
Burlica2013: folds 
radu10101: folds 
blistein: folds 
Uncalled bet ($0.50) returned to mr.Jckpot
mr.Jckpot collected $1 from pot
mr.Jckpot: doesn't show hand 
*** SUMMARY ***
Total pot $1 | Rake $0 
Seat 1: radu10101 (button) folded before Flop (didn't bet)
Seat 2: blistein (small blind) folded before Flop
Seat 3: mr.Jckpot (big blind) collected ($1)
Seat 4: BGS013 folded before Flop (didn't bet)
Seat 5: magzi777 folded before Flop (didn't bet)
Seat 6: Burlica2013 folded before Flop (didn't bet)



PokerStars Hand #254484298360:  Hold'em No Limit ($0.50/$1.00 USD) - 2025/01/21 15:05:04 WET [2025/01/21 10:05:04 ET]
Table 'Anhui III' 6-max Seat #2 is the button
Seat 1: radu10101 ($83.84 in chips) 
Seat 2: blistein ($100.45 in chips) 
Seat 3: mr.Jckpot ($105 in chips) 
Seat 4: BGS013 ($100 in chips) 
Seat 5: magzi777 ($138.42 in chips) 
Seat 6: Burlica2013 ($128.77 in chips) 
mr.Jckpot: posts small blind $0.50
BGS013: posts big blind $1
*** HOLE CARDS ***
magzi777: folds 
Burlica2013: folds 
radu10101: folds 
blistein: folds 
mr.Jckpot: folds 
Uncalled bet ($0.50) returned to BGS013
BGS013 collected $1 from pot
BGS013: doesn't show hand 
*** SUMMARY ***
Total pot $1 | Rake $0 
Seat 1: radu10101 folded before Flop (didn't bet)
Seat 2: blistein (button) folded before Flop (didn't bet)
Seat 3: mr.Jckpot (small blind) folded before Flop
Seat 4: BGS013 (big blind) collected ($1)
Seat 5: magzi777 folded before Flop (didn't bet)
Seat 6: Burlica2013 folded before Flop (didn't bet)



PokerStars Hand #254484300681:  Hold'em No Limit ($0.50/$1.00 USD) - 2025/01/21 15:05:16 WET [2025/01/21 10:05:16 ET]
Table 'Anhui III' 6-max Seat #3 is the button
Seat 1: radu10101 ($83.84 in chips) 
Seat 2: blistein ($100.45 in chips) 
Seat 3: mr.Jckpot ($104.50 in chips) 
Seat 4: BGS013 ($100.50 in chips) 
Seat 5: magzi777 ($138.42 in chips) 
Seat 6: Burlica2013 ($128.77 in chips) 
BGS013: posts small blind $0.50
magzi777: posts big blind $1
*** HOLE CARDS ***
Burlica2013: folds 
radu10101: calls $1
blistein: folds 
mr.Jckpot: folds 
BGS013: folds 
magzi777: raises $4.50 to $5.50
radu10101: folds 
Uncalled bet ($4.50) returned to magzi777
magzi777 collected $2.50 from pot
*** SUMMARY ***
Total pot $2.50 | Rake $0 
Seat 1: radu10101 folded before Flop
Seat 2: blistein folded before Flop (didn't bet)
Seat 3: mr.Jckpot (button) folded before Flop (didn't bet)
Seat 4: BGS013 (small blind) folded before Flop
Seat 5: magzi777 (big blind) collected ($2.50)
Seat 6: Burlica2013 folded before Flop (didn't bet)



PokerStars Hand #254484308150:  Hold'em No Limit ($0.50/$1.00 USD) - 2025/01/21 15:05:56 WET [2025/01/21 10:05:56 ET]
Table 'Anhui III' 6-max Seat #4 is the button
Seat 1: radu10101 ($82.84 in chips) 
Seat 2: blistein ($100.45 in chips) 
Seat 3: mr.Jckpot ($104.50 in chips) 
Seat 4: BGS013 ($100 in chips) 
Seat 5: magzi777 ($139.92 in chips) 
Seat 6: Burlica2013 ($128.77 in chips) 
magzi777: posts small blind $0.50
Burlica2013: posts big blind $1
*** HOLE CARDS ***
radu10101: calls $1
blistein: raises $2.50 to $3.50
mr.Jckpot: folds 
BGS013: folds 
magzi777: folds 
Burlica2013: folds 
radu10101: calls $2.50
*** FLOP *** [8s 8c Kd]
radu10101: checks 
blistein: bets $2.75
radu10101: folds 
Uncalled bet ($2.75) returned to blistein
blistein collected $8.08 from pot
blistein: doesn't show hand 
*** SUMMARY ***
Total pot $8.50 | Rake $0.42 
Board [8s 8c Kd]
Seat 1: radu10101 folded on the Flop
Seat 2: blistein collected ($8.08)
Seat 3: mr.Jckpot folded before Flop (didn't bet)
Seat 4: BGS013 (button) folded before Flop (didn't bet)
Seat 5: magzi777 (small blind) folded before Flop
Seat 6: Burlica2013 (big blind) folded before Flop



PokerStars Hand #254484319614:  Hold'em No Limit ($0.50/$1.00 USD) - 2025/01/21 15:06:56 WET [2025/01/21 10:06:56 ET]
Table 'Anhui III' 6-max Seat #5 is the button
Seat 1: radu10101 ($79.34 in chips) 
Seat 2: blistein ($105.03 in chips) 
Seat 3: mr.Jckpot ($104.50 in chips) 
Seat 4: BGS013 ($100 in chips) 
Seat 5: magzi777 ($139.42 in chips) 
Seat 6: Burlica2013 ($127.77 in chips) 
Burlica2013: posts small blind $0.50
radu10101: posts big blind $1
*** HOLE CARDS ***
blistein: folds 
mr.Jckpot: folds 
BGS013: folds 
magzi777: raises $1.50 to $2.50
Burlica2013: folds 
radu10101: folds 
Uncalled bet ($1.50) returned to magzi777
magzi777 collected $2.50 from pot
*** SUMMARY ***
Total pot $2.50 | Rake $0 
Seat 1: radu10101 (big blind) folded before Flop
Seat 2: blistein folded before Flop (didn't bet)
Seat 3: mr.Jckpot folded before Flop (didn't bet)
Seat 4: BGS013 folded before Flop (didn't bet)
Seat 5: magzi777 (button) collected ($2.50)
Seat 6: Burlica2013 (small blind) folded before Flop



PokerStars Hand #254484321727:  Hold'em No Limit ($0.50/$1.00 USD) - 2025/01/21 15:07:07 WET [2025/01/21 10:07:07 ET]
Table 'Anhui III' 6-max Seat #6 is the button
Seat 1: radu10101 ($78.34 in chips) 
Seat 2: blistein ($105.03 in chips) 
Seat 3: mr.Jckpot ($104.50 in chips) 
Seat 4: BGS013 ($100 in chips) 
Seat 5: magzi777 ($140.92 in chips) 
Seat 6: Burlica2013 ($127.27 in chips) 
radu10101: posts small blind $0.50
blistein: posts big blind $1
*** HOLE CARDS ***
mr.Jckpot: folds 
BGS013: folds 
magzi777: raises $1.50 to $2.50
Burlica2013: folds 
radu10101: calls $2
blistein: folds 
*** FLOP *** [5h Jd Kh]
radu10101: checks 
magzi777: checks 
*** TURN *** [5h Jd Kh] [9c]
radu10101: bets $2
magzi777: calls $2
*** RIVER *** [5h Jd Kh 9c] [8d]
radu10101: checks 
magzi777: bets $7.13
radu10101: folds 
Uncalled bet ($7.13) returned to magzi777
magzi777 collected $9.50 from pot
*** SUMMARY ***
Total pot $10 | Rake $0.50 
Board [5h Jd Kh 9c 8d]
Seat 1: radu10101 (small blind) folded on the River
Seat 2: blistein (big blind) folded before Flop
Seat 3: mr.Jckpot folded before Flop (didn't bet)
Seat 4: BGS013 folded before Flop (didn't bet)
Seat 5: magzi777 collected ($9.50)
Seat 6: Burlica2013 (button) folded before Flop (didn't bet)



PokerStars Hand #254484331476:  Hold'em No Limit ($0.50/$1.00 USD) - 2025/01/21 15:07:58 WET [2025/01/21 10:07:58 ET]
Table 'Anhui III' 6-max Seat #1 is the button
Seat 1: radu10101 ($73.84 in chips) 
Seat 2: blistein ($104.03 in chips) 
Seat 3: mr.Jckpot ($104.50 in chips) 
Seat 4: BGS013 ($100 in chips) 
Seat 5: magzi777 ($145.92 in chips) 
Seat 6: Burlica2013 ($127.27 in chips) 
blistein: posts small blind $0.50
mr.Jckpot: posts big blind $1
*** HOLE CARDS ***
BGS013: folds 
magzi777: raises $1.50 to $2.50
Burlica2013: folds 
radu10101: folds 
blistein: folds 
mr.Jckpot: folds 
Uncalled bet ($1.50) returned to magzi777
magzi777 collected $2.50 from pot
*** SUMMARY ***
Total pot $2.50 | Rake $0 
Seat 1: radu10101 (button) folded before Flop (didn't bet)
Seat 2: blistein (small blind) folded before Flop
Seat 3: mr.Jckpot (big blind) folded before Flop
Seat 4: BGS013 folded before Flop (didn't bet)
Seat 5: magzi777 collected ($2.50)
Seat 6: Burlica2013 folded before Flop (didn't bet)



PokerStars Hand #254484336562:  Hold'em No Limit ($0.50/$1.00 USD) - 2025/01/21 15:08:25 WET [2025/01/21 10:08:25 ET]
Table 'Anhui III' 6-max Seat #2 is the button
Seat 1: radu10101 ($73.84 in chips) 
Seat 2: blistein ($103.53 in chips) 
Seat 3: mr.Jckpot ($103.50 in chips) 
Seat 4: BGS013 ($100 in chips) 
Seat 5: magzi777 ($147.42 in chips) 
Seat 6: Burlica2013 ($127.27 in chips) 
mr.Jckpot: posts small blind $0.50
BGS013: posts big blind $1
*** HOLE CARDS ***
magzi777: folds 
Burlica2013: folds 
radu10101: calls $1
blistein: raises $2.50 to $3.50
mr.Jckpot: folds 
BGS013: folds 
radu10101: calls $2.50
*** FLOP *** [5c 2h 7c]
radu10101: checks 
blistein: bets $2.75
radu10101: calls $2.75
*** TURN *** [5c 2h 7c] [Th]
radu10101: bets $4
blistein: calls $4
*** RIVER *** [5c 2h 7c Th] [Kd]
radu10101: bets $7
blistein: folds 
Uncalled bet ($7) returned to radu10101
radu10101 collected $20.90 from pot
*** SUMMARY ***
Total pot $22 | Rake $1.10 
Board [5c 2h 7c Th Kd]
Seat 1: radu10101 collected ($20.90)
Seat 2: blistein (button) folded on the River
Seat 3: mr.Jckpot (small blind) folded before Flop
Seat 4: BGS013 (big blind) folded before Flop
Seat 5: magzi777 folded before Flop (didn't bet)
Seat 6: Burlica2013 folded before Flop (didn't bet)



PokerStars Hand #254484354748:  Hold'em No Limit ($0.50/$1.00 USD) - 2025/01/21 15:10:01 WET [2025/01/21 10:10:01 ET]
Table 'Anhui III' 6-max Seat #3 is the button
Seat 1: radu10101 ($84.49 in chips) 
Seat 2: blistein ($100 in chips) 
Seat 3: mr.Jckpot ($103 in chips) 
Seat 4: BGS013 ($100 in chips) 
Seat 5: magzi777 ($147.42 in chips) 
Seat 6: Burlica2013 ($127.27 in chips) 
BGS013: posts small blind $0.50
magzi777: posts big blind $1
*** HOLE CARDS ***
Burlica2013: folds 
radu10101: folds 
blistein: folds 
mr.Jckpot: raises $1.50 to $2.50
BGS013: folds 
magzi777: calls $1.50
*** FLOP *** [4c Ah 6s]
magzi777: checks 
mr.Jckpot: bets $2.87
magzi777: calls $2.87
*** TURN *** [4c Ah 6s] [Td]
magzi777: checks 
mr.Jckpot: checks 
*** RIVER *** [4c Ah 6s Td] [5h]
magzi777: checks 
mr.Jckpot: checks 
*** SHOW DOWN ***
magzi777: shows [8c 8d] (a pair of Eights)
mr.Jckpot: mucks hand 
magzi777 collected $10.68 from pot
*** SUMMARY ***
Total pot $11.24 | Rake $0.56 
Board [4c Ah 6s Td 5h]
Seat 1: radu10101 folded before Flop (didn't bet)
Seat 2: blistein folded before Flop (didn't bet)
Seat 3: mr.Jckpot (button) mucked
Seat 4: BGS013 (small blind) folded before Flop
Seat 5: magzi777 (big blind) showed [8c 8d] and won ($10.68) with a pair of Eights
Seat 6: Burlica2013 folded before Flop (didn't bet)



PokerStars Hand #254484361695:  Hold'em No Limit ($0.50/$1.00 USD) - 2025/01/21 15:10:38 WET [2025/01/21 10:10:38 ET]
Table 'Anhui III' 6-max Seat #4 is the button
Seat 1: radu10101 ($84.49 in chips) 
Seat 2: blistein ($100 in chips) 
Seat 3: mr.Jckpot ($100 in chips) 
Seat 4: BGS013 ($100 in chips) 
Seat 5: magzi777 ($152.73 in chips) 
Seat 6: Burlica2013 ($127.27 in chips) 
magzi777: posts small blind $0.50
Burlica2013: posts big blind $1
*** HOLE CARDS ***
radu10101: folds 
blistein: folds 
mr.Jckpot: folds 
BGS013: raises $1.50 to $2.50
magzi777: raises $8.50 to $11
Burlica2013: raises $12.65 to $23.65
BGS013: folds 
magzi777: folds 
Uncalled bet ($12.65) returned to Burlica2013
Burlica2013 collected $24.50 from pot
Burlica2013: doesn't show hand 
*** SUMMARY ***
Total pot $24.50 | Rake $0 
Seat 1: radu10101 folded before Flop (didn't bet)
Seat 2: blistein folded before Flop (didn't bet)
Seat 3: mr.Jckpot folded before Flop (didn't bet)
Seat 4: BGS013 (button) folded before Flop
Seat 5: magzi777 (small blind) folded before Flop
Seat 6: Burlica2013 (big blind) collected ($24.50)



PokerStars Hand #254484371741:  Hold'em No Limit ($0.50/$1.00 USD) - 2025/01/21 15:11:31 WET [2025/01/21 10:11:31 ET]
Table 'Anhui III' 6-max Seat #5 is the button
Seat 1: radu10101 ($84.49 in chips) 
Seat 2: blistein ($100 in chips) 
Seat 3: mr.Jckpot ($100 in chips) 
Seat 4: BGS013 ($100 in chips) 
Seat 5: magzi777 ($141.73 in chips) 
Seat 6: Burlica2013 ($140.77 in chips) 
Burlica2013: posts small blind $0.50
radu10101: posts big blind $1
*** HOLE CARDS ***
blistein: raises $1.20 to $2.20
mr.Jckpot: raises $4.80 to $7
BGS013: folds 
magzi777: folds 
Burlica2013: folds 
radu10101: calls $6
blistein: calls $4.80
*** FLOP *** [8d 2c 8s]
radu10101: checks 
blistein: checks 
mr.Jckpot: bets $11.23
radu10101: folds 
blistein: folds 
Uncalled bet ($11.23) returned to mr.Jckpot
mr.Jckpot collected $20.42 from pot
mr.Jckpot: doesn't show hand 
*** SUMMARY ***
Total pot $21.50 | Rake $1.08 
Board [8d 2c 8s]
Seat 1: radu10101 (big blind) folded on the Flop
Seat 2: blistein folded on the Flop
Seat 3: mr.Jckpot collected ($20.42)
Seat 4: BGS013 folded before Flop (didn't bet)
Seat 5: magzi777 (button) folded before Flop (didn't bet)
Seat 6: Burlica2013 (small blind) folded before Flop



PokerStars Hand #254484380452:  Hold'em No Limit ($0.50/$1.00 USD) - 2025/01/21 15:12:16 WET [2025/01/21 10:12:16 ET]
Table 'Anhui III' 6-max Seat #6 is the button
Seat 1: radu10101 ($77.49 in chips) 
Seat 2: blistein ($100 in chips) 
Seat 3: mr.Jckpot ($113.42 in chips) 
Seat 4: BGS013 ($100 in chips) 
Seat 5: magzi777 ($141.73 in chips) 
Seat 6: Burlica2013 ($140.27 in chips) 
radu10101: posts small blind $0.50
blistein: posts big blind $1
*** HOLE CARDS ***
mr.Jckpot: raises $1.50 to $2.50
BGS013: folds 
magzi777: folds 
Burlica2013: folds 
radu10101: folds 
blistein: folds 
Uncalled bet ($1.50) returned to mr.Jckpot
mr.Jckpot collected $2.50 from pot
mr.Jckpot: doesn't show hand 
*** SUMMARY ***
Total pot $2.50 | Rake $0 
Seat 1: radu10101 (small blind) folded before Flop
Seat 2: blistein (big blind) folded before Flop
Seat 3: mr.Jckpot collected ($2.50)
Seat 4: BGS013 folded before Flop (didn't bet)
Seat 5: magzi777 folded before Flop (didn't bet)
Seat 6: Burlica2013 (button) folded before Flop (didn't bet)



PokerStars Hand #254484383038:  Hold'em No Limit ($0.50/$1.00 USD) - 2025/01/21 15:12:29 WET [2025/01/21 10:12:29 ET]
Table 'Anhui III' 6-max Seat #1 is the button
Seat 1: radu10101 ($76.99 in chips) 
Seat 2: blistein ($100 in chips) 
Seat 3: mr.Jckpot ($114.92 in chips) 
Seat 4: BGS013 ($100 in chips) 
Seat 5: magzi777 ($141.73 in chips) 
Seat 6: Burlica2013 ($140.27 in chips) 
blistein: posts small blind $0.50
mr.Jckpot: posts big blind $1
*** HOLE CARDS ***
BGS013: raises $1 to $2
magzi777: folds 
Burlica2013: folds 
radu10101: calls $2
blistein: folds 
mr.Jckpot: calls $1
*** FLOP *** [3c 2c Jc]
mr.Jckpot: checks 
BGS013: checks 
radu10101: bets $2
mr.Jckpot: folds 
BGS013: calls $2
*** TURN *** [3c 2c Jc] [Kd]
BGS013: checks 
radu10101: bets $3
BGS013: calls $3
*** RIVER *** [3c 2c Jc Kd] [2d]
BGS013: bets $8.62
radu10101: raises $8.62 to $17.24
BGS013: folds 
Uncalled bet ($8.62) returned to radu10101
radu10101 collected $32.05 from pot
*** SUMMARY ***
Total pot $33.74 | Rake $1.69 
Board [3c 2c Jc Kd 2d]
Seat 1: radu10101 (button) collected ($32.05)
Seat 2: blistein (small blind) folded before Flop
Seat 3: mr.Jckpot (big blind) folded on the Flop
Seat 4: BGS013 folded on the River
Seat 5: magzi777 folded before Flop (didn't bet)
Seat 6: Burlica2013 folded before Flop (didn't bet)



PokerStars Hand #254484400054:  Hold'em No Limit ($0.50/$1.00 USD) - 2025/01/21 15:13:57 WET [2025/01/21 10:13:57 ET]
Table 'Anhui III' 6-max Seat #2 is the button
Seat 1: radu10101 ($93.42 in chips) 
Seat 2: blistein ($100 in chips) 
Seat 3: mr.Jckpot ($112.92 in chips) 
Seat 4: BGS013 ($100 in chips) 
Seat 5: magzi777 ($141.73 in chips) 
Seat 6: Burlica2013 ($140.27 in chips) 
mr.Jckpot: posts small blind $0.50
BGS013: posts big blind $1
*** HOLE CARDS ***
magzi777: folds 
Burlica2013: raises $1.20 to $2.20
radu10101: calls $2.20
blistein: folds 
mr.Jckpot: folds 
BGS013: calls $1.20
*** FLOP *** [7c 2h 9c]
BGS013: checks 
Burlica2013: checks 
radu10101: bets $2
BGS013: folds 
Burlica2013: folds 
Uncalled bet ($2) returned to radu10101
radu10101 collected $6.74 from pot
*** SUMMARY ***
Total pot $7.10 | Rake $0.36 
Board [7c 2h 9c]
Seat 1: radu10101 collected ($6.74)
Seat 2: blistein (button) folded before Flop (didn't bet)
Seat 3: mr.Jckpot (small blind) folded before Flop
Seat 4: BGS013 (big blind) folded on the Flop
Seat 5: magzi777 folded before Flop (didn't bet)
Seat 6: Burlica2013 folded on the Flop



PokerStars Hand #254484409039:  Hold'em No Limit ($0.50/$1.00 USD) - 2025/01/21 15:14:43 WET [2025/01/21 10:14:43 ET]
Table 'Anhui III' 6-max Seat #3 is the button
Seat 1: radu10101 ($97.96 in chips) 
Seat 2: blistein ($100 in chips) 
Seat 3: mr.Jckpot ($112.42 in chips) 
Seat 4: BGS013 ($100 in chips) 
Seat 5: magzi777 ($141.73 in chips) 
Seat 6: Burlica2013 ($138.07 in chips) 
BGS013: posts small blind $0.50
magzi777: posts big blind $1
*** HOLE CARDS ***
Burlica2013: folds 
Burlica2013 leaves the table
radu10101: calls $1
blistein: raises $2.50 to $3.50
mr.Jckpot: folds 
BGS013: folds 
magzi777: raises $9.50 to $13
radu10101: folds 
blistein: folds 
Uncalled bet ($9.50) returned to magzi777
magzi777 collected $8.50 from pot
*** SUMMARY ***
Total pot $8.50 | Rake $0 
Seat 1: radu10101 folded before Flop
Seat 2: blistein folded before Flop
Seat 3: mr.Jckpot (button) folded before Flop (didn't bet)
Seat 4: BGS013 (small blind) folded before Flop
Seat 5: magzi777 (big blind) collected ($8.50)
Seat 6: Burlica2013 folded before Flop (didn't bet)



PokerStars Hand #254484413974:  Hold'em No Limit ($0.50/$1.00 USD) - 2025/01/21 15:15:08 WET [2025/01/21 10:15:08 ET]
Table 'Anhui III' 6-max Seat #4 is the button
Seat 1: radu10101 ($96.96 in chips) 
Seat 2: blistein ($100 in chips) 
Seat 3: mr.Jckpot ($112.42 in chips) 
Seat 4: BGS013 ($100 in chips) 
Seat 5: magzi777 ($146.73 in chips) 
magzi777: posts small blind $0.50
radu10101: posts big blind $1
*** HOLE CARDS ***
blistein: folds 
mr.Jckpot: folds 
BGS013: folds 
magzi777: folds 
Uncalled bet ($0.50) returned to radu10101
radu10101 collected $1 from pot
*** SUMMARY ***
Total pot $1 | Rake $0 
Seat 1: radu10101 (big blind) collected ($1)
Seat 2: blistein folded before Flop (didn't bet)
Seat 3: mr.Jckpot folded before Flop (didn't bet)
Seat 4: BGS013 (button) folded before Flop (didn't bet)
Seat 5: magzi777 (small blind) folded before Flop



PokerStars Hand #254484416844:  Hold'em No Limit ($0.50/$1.00 USD) - 2025/01/21 15:15:23 WET [2025/01/21 10:15:23 ET]
Table 'Anhui III' 6-max Seat #5 is the button
Seat 1: radu10101 ($97.46 in chips) 
Seat 2: blistein ($100 in chips) 
Seat 3: mr.Jckpot ($112.42 in chips) 
Seat 4: BGS013 ($100 in chips) 
Seat 5: magzi777 ($146.23 in chips) 
radu10101: posts small blind $0.50
blistein: posts big blind $1
*** HOLE CARDS ***
mr.Jckpot: folds 
BGS013: folds 
magzi777: raises $1.50 to $2.50
Unipoker11 joins the table at seat #6 
radu10101: folds 
blistein: calls $1.50
*** FLOP *** [Tc 5h 9h]
blistein: checks 
magzi777: bets $1.50
blistein: raises $4.50 to $6
magzi777: raises $12 to $18
blistein: calls $12
*** TURN *** [Tc 5h 9h] [4h]
blistein: checks 
magzi777: bets $13.01
blistein: folds 
Uncalled bet ($13.01) returned to magzi777
magzi777 collected $39.42 from pot
*** SUMMARY ***
Total pot $41.50 | Rake $2.08 
Board [Tc 5h 9h 4h]
Seat 1: radu10101 (small blind) folded before Flop
Seat 2: blistein (big blind) folded on the Turn
Seat 3: mr.Jckpot folded before Flop (didn't bet)
Seat 4: BGS013 folded before Flop (didn't bet)
Seat 5: magzi777 (button) collected ($39.42)



PokerStars Hand #254484443346:  Hold'em No Limit ($0.50/$1.00 USD) - 2025/01/21 15:17:34 WET [2025/01/21 10:17:34 ET]
Table 'Anhui III' 6-max Seat #1 is the button
Seat 6: Unipoker11 ($100 in chips) is sitting out
Seat 1: radu10101 ($96.96 in chips) 
Seat 2: blistein ($100 in chips) 
Seat 3: mr.Jckpot ($112.42 in chips) 
Seat 4: BGS013 ($100 in chips) 
Seat 5: magzi777 ($165.15 in chips) 
blistein: posts small blind $0.50
mr.Jckpot: posts big blind $1
Unipoker11: sits out 
*** HOLE CARDS ***
BGS013: folds 
magzi777: folds 
radu10101: folds 
blistein: raises $2 to $3
mr.Jckpot: folds 
Uncalled bet ($2) returned to blistein
blistein collected $2 from pot
blistein: doesn't show hand 
*** SUMMARY ***
Total pot $2 | Rake $0 
Seat 6: Unipoker11
Seat 1: radu10101 (button) folded before Flop (didn't bet)
Seat 2: blistein (small blind) collected ($2)
Seat 3: mr.Jckpot (big blind) folded before Flop
Seat 4: BGS013 folded before Flop (didn't bet)
Seat 5: magzi777 folded before Flop (didn't bet)



PokerStars Hand #254484450298:  Hold'em No Limit ($0.50/$1.00 USD) - 2025/01/21 15:18:08 WET [2025/01/21 10:18:08 ET]
Table 'Anhui III' 6-max Seat #2 is the button
Seat 6: Unipoker11 ($100 in chips) is sitting out
Seat 1: radu10101 ($96.96 in chips) 
Seat 2: blistein ($101 in chips) 
Seat 3: mr.Jckpot ($111.42 in chips) 
Seat 4: BGS013 ($100 in chips) 
Seat 5: magzi777 ($165.15 in chips) 
mr.Jckpot: posts small blind $0.50
BGS013: posts big blind $1
Unipoker11: sits out 
*** HOLE CARDS ***
magzi777: folds 
magzi777 leaves the table
radu10101: calls $1
blistein: raises $2.50 to $3.50
mr.Jckpot: folds 
BGS013: folds 
radu10101: calls $2.50
*** FLOP *** [8h 8s Kd]
radu10101: checks 
RAidakCo joins the table at seat #5 
blistein: bets $2.75
radu10101: calls $2.75
*** TURN *** [8h 8s Kd] [Ad]
radu10101: checks 
blistein: checks 
*** RIVER *** [8h 8s Kd Ad] [4h]
radu10101: bets $4
blistein: folds 
Uncalled bet ($4) returned to radu10101
radu10101 collected $13.30 from pot
*** SUMMARY ***
Total pot $14 | Rake $0.70 
Board [8h 8s Kd Ad 4h]
Seat 6: Unipoker11
Seat 1: radu10101 collected ($13.30)
Seat 2: blistein (button) folded on the River
Seat 3: mr.Jckpot (small blind) folded before Flop
Seat 4: BGS013 (big blind) folded before Flop
Seat 5: magzi777 folded before Flop (didn't bet)



PokerStars Hand #254484462143:  Hold'em No Limit ($0.50/$1.00 USD) - 2025/01/21 15:19:07 WET [2025/01/21 10:19:07 ET]
Table 'Anhui III' 6-max Seat #3 is the button
Seat 6: Unipoker11 ($100 in chips) is sitting out
Seat 1: radu10101 ($104.01 in chips) 
Seat 2: blistein ($100 in chips) 
Seat 3: mr.Jckpot ($110.92 in chips) 
Seat 4: BGS013 ($100 in chips) 
Seat 5: RAidakCo ($100 in chips) 
BGS013: posts small blind $0.50
RAidakCo: posts big blind $1
Unipoker11: sits out 
*** HOLE CARDS ***
radu10101: calls $1
blistein: folds 
mr.Jckpot: folds 
BGS013: raises $3.50 to $4.50
RAidakCo: folds 
radu10101: folds 
Uncalled bet ($3.50) returned to BGS013
BGS013 collected $3 from pot
BGS013: doesn't show hand 
*** SUMMARY ***
Total pot $3 | Rake $0 
Seat 6: Unipoker11
Seat 1: radu10101 folded before Flop
Seat 2: blistein folded before Flop (didn't bet)
Seat 3: mr.Jckpot (button) folded before Flop (didn't bet)
Seat 4: BGS013 (small blind) collected ($3)
Seat 5: RAidakCo (big blind) folded before Flop



PokerStars Hand #254484466657:  Hold'em No Limit ($0.50/$1.00 USD) - 2025/01/21 15:19:29 WET [2025/01/21 10:19:29 ET]
Table 'Anhui III' 6-max Seat #4 is the button
Seat 1: radu10101 ($103.01 in chips) 
Seat 2: blistein ($100 in chips) 
Seat 3: mr.Jckpot ($110.92 in chips) 
Seat 4: BGS013 ($102 in chips) 
Seat 5: RAidakCo ($100 in chips) 
Seat 6: Unipoker11 ($100 in chips) 
RAidakCo: posts small blind $0.50
Unipoker11: posts big blind $1
*** HOLE CARDS ***
radu10101 has timed out
radu10101: folds 
blistein: folds 
mr.Jckpot: folds 
BGS013: raises $1.50 to $2.50
RAidakCo: folds 
Unipoker11: calls $1.50
*** FLOP *** [4c 8s Qc]
Unipoker11: checks 
BGS013: checks 
*** TURN *** [4c 8s Qc] [As]
Unipoker11: checks 
BGS013: checks 
*** RIVER *** [4c 8s Qc As] [Th]
Unipoker11: bets $1.72
BGS013: calls $1.72
*** SHOW DOWN ***
Unipoker11: shows [Kc Qs] (a pair of Queens)
BGS013: mucks hand 
Unipoker11 collected $8.49 from pot
*** SUMMARY ***
Total pot $8.94 | Rake $0.45 
Board [4c 8s Qc As Th]
Seat 1: radu10101 folded before Flop (didn't bet)
Seat 2: blistein folded before Flop (didn't bet)
Seat 3: mr.Jckpot folded before Flop (didn't bet)
Seat 4: BGS013 (button) mucked
Seat 5: RAidakCo (small blind) folded before Flop
Seat 6: Unipoker11 (big blind) showed [Kc Qs] and won ($8.49) with a pair of Queens



PokerStars Hand #254484483967:  Hold'em No Limit ($0.50/$1.00 USD) - 2025/01/21 15:20:54 WET [2025/01/21 10:20:54 ET]
Table 'Anhui III' 6-max Seat #5 is the button
Seat 1: radu10101 ($103.01 in chips) 
Seat 2: blistein ($100 in chips) 
Seat 3: mr.Jckpot ($110.92 in chips) 
Seat 4: BGS013 ($100 in chips) 
Seat 5: RAidakCo ($100 in chips) 
Seat 6: Unipoker11 ($104.27 in chips) 
Unipoker11: posts small blind $0.50
radu10101: posts big blind $1
*** HOLE CARDS ***
blistein: folds 
mr.Jckpot: folds 
BGS013: folds 
RAidakCo: raises $1.50 to $2.50
Unipoker11: raises $8.50 to $11
radu10101 has timed out
radu10101: folds 
RAidakCo: folds 
Uncalled bet ($8.50) returned to Unipoker11
Unipoker11 collected $6 from pot
Unipoker11: doesn't show hand 
*** SUMMARY ***
Total pot $6 | Rake $0 
Seat 1: radu10101 (big blind) folded before Flop
Seat 2: blistein folded before Flop (didn't bet)
Seat 3: mr.Jckpot folded before Flop (didn't bet)
Seat 4: BGS013 folded before Flop (didn't bet)
Seat 5: RAidakCo (button) folded before Flop
Seat 6: Unipoker11 (small blind) collected ($6)



PokerStars Hand #254484492700:  Hold'em No Limit ($0.50/$1.00 USD) - 2025/01/21 15:21:37 WET [2025/01/21 10:21:37 ET]
Table 'Anhui III' 6-max Seat #6 is the button
Seat 1: radu10101 ($102.01 in chips) is sitting out
Seat 2: blistein ($100 in chips) 
Seat 3: mr.Jckpot ($110.92 in chips) 
Seat 4: BGS013 ($100 in chips) 
Seat 5: RAidakCo ($100 in chips) 
Seat 6: Unipoker11 ($107.77 in chips) 
blistein: posts small blind $0.50
mr.Jckpot: posts big blind $1
*** HOLE CARDS ***
BGS013: folds 
RAidakCo: raises $1 to $2
Unipoker11: folds 
blistein: folds 
mr.Jckpot: calls $1
*** FLOP *** [2h 2c Ts]
mr.Jckpot: checks 
RAidakCo: bets $1.41
mr.Jckpot: folds 
Uncalled bet ($1.41) returned to RAidakCo
RAidakCo collected $4.28 from pot
RAidakCo: doesn't show hand 
*** SUMMARY ***
Total pot $4.50 | Rake $0.22 
Board [2h 2c Ts]
Seat 1: radu10101
Seat 2: blistein (small blind) folded before Flop
Seat 3: mr.Jckpot (big blind) folded on the Flop
Seat 4: BGS013 folded before Flop (didn't bet)
Seat 5: RAidakCo collected ($4.28)
Seat 6: Unipoker11 (button) folded before Flop (didn't bet)



PokerStars Hand #254484498035:  Hold'em No Limit ($0.50/$1.00 USD) - 2025/01/21 15:22:03 WET [2025/01/21 10:22:03 ET]
Table 'Anhui III' 6-max Seat #2 is the button
Seat 1: radu10101 ($102.01 in chips) is sitting out
Seat 2: blistein ($100 in chips) 
Seat 3: mr.Jckpot ($108.92 in chips) 
Seat 4: BGS013 ($100 in chips) 
Seat 5: RAidakCo ($102.28 in chips) 
Seat 6: Unipoker11 ($107.77 in chips) 
mr.Jckpot: posts small blind $0.50
BGS013: posts big blind $1
*** HOLE CARDS ***
RAidakCo: raises $1 to $2
Unipoker11: folds 
blistein: folds 
mr.Jckpot: folds 
BGS013: folds 
Uncalled bet ($1) returned to RAidakCo
RAidakCo collected $2.50 from pot
RAidakCo: doesn't show hand 
*** SUMMARY ***
Total pot $2.50 | Rake $0 
Seat 1: radu10101
Seat 2: blistein (button) folded before Flop (didn't bet)
Seat 3: mr.Jckpot (small blind) folded before Flop
Seat 4: BGS013 (big blind) folded before Flop
Seat 5: RAidakCo collected ($2.50)
Seat 6: Unipoker11 folded before Flop (didn't bet)



PokerStars Hand #254484500347:  Hold'em No Limit ($0.50/$1.00 USD) - 2025/01/21 15:22:15 WET [2025/01/21 10:22:15 ET]
Table 'Anhui III' 6-max Seat #3 is the button
Seat 1: radu10101 ($102.01 in chips) is sitting out
Seat 2: blistein ($100 in chips) 
Seat 3: mr.Jckpot ($108.42 in chips) 
Seat 4: BGS013 ($100 in chips) 
Seat 5: RAidakCo ($103.78 in chips) 
Seat 6: Unipoker11 ($107.77 in chips) 
BGS013: posts small blind $0.50
RAidakCo: posts big blind $1
*** HOLE CARDS ***
Unipoker11: folds 
blistein: folds 
mr.Jckpot: folds 
BGS013: folds 
Uncalled bet ($0.50) returned to RAidakCo
RAidakCo collected $1 from pot
RAidakCo: doesn't show hand 
*** SUMMARY ***
Total pot $1 | Rake $0 
Seat 1: radu10101
Seat 2: blistein folded before Flop (didn't bet)
Seat 3: mr.Jckpot (button) folded before Flop (didn't bet)
Seat 4: BGS013 (small blind) folded before Flop
Seat 5: RAidakCo (big blind) collected ($1)
Seat 6: Unipoker11 folded before Flop (didn't bet)



PokerStars Hand #254484502865:  Hold'em No Limit ($0.50/$1.00 USD) - 2025/01/21 15:22:27 WET [2025/01/21 10:22:27 ET]
Table 'Anhui III' 6-max Seat #4 is the button
Seat 1: radu10101 ($102.01 in chips) is sitting out
Seat 2: blistein ($100 in chips) 
Seat 3: mr.Jckpot ($108.42 in chips) 
Seat 4: BGS013 ($100 in chips) 
Seat 5: RAidakCo ($104.28 in chips) 
Seat 6: Unipoker11 ($107.77 in chips) 
RAidakCo: posts small blind $0.50
Unipoker11: posts big blind $1
radu10101: sits out 
*** HOLE CARDS ***
blistein: raises $1.20 to $2.20
mr.Jckpot: folds 
BGS013: folds 
RAidakCo: folds 
Unipoker11: raises $10.30 to $12.50
blistein: folds 
Uncalled bet ($10.30) returned to Unipoker11
Unipoker11 collected $4.90 from pot
Unipoker11: doesn't show hand 
*** SUMMARY ***
Total pot $4.90 | Rake $0 
Seat 1: radu10101
Seat 2: blistein folded before Flop
Seat 3: mr.Jckpot folded before Flop (didn't bet)
Seat 4: BGS013 (button) folded before Flop (didn't bet)
Seat 5: RAidakCo (small blind) folded before Flop
Seat 6: Unipoker11 (big blind) collected ($4.90)



PokerStars Hand #254484508846:  Hold'em No Limit ($0.50/$1.00 USD) - 2025/01/21 15:22:57 WET [2025/01/21 10:22:57 ET]
Table 'Anhui III' 6-max Seat #5 is the button
Seat 1: radu10101 ($102.01 in chips) 
Seat 2: blistein ($100 in chips) 
Seat 3: mr.Jckpot ($108.42 in chips) 
Seat 4: BGS013 ($100 in chips) 
Seat 5: RAidakCo ($103.78 in chips) 
Seat 6: Unipoker11 ($110.47 in chips) 
Unipoker11: posts small blind $0.50
radu10101: posts big blind $1
*** HOLE CARDS ***
blistein: folds 
mr.Jckpot: folds 
BGS013: raises $1.50 to $2.50
RAidakCo: calls $2.50
Unipoker11: calls $2
radu10101: calls $1.50
*** FLOP *** [Tc 2h 4c]
Unipoker11: checks 
radu10101: checks 
BGS013: checks 
RAidakCo: bets $4.75
Unipoker11: folds 
radu10101: folds 
BGS013: folds 
Uncalled bet ($4.75) returned to RAidakCo
RAidakCo collected $9.50 from pot
RAidakCo: doesn't show hand 
*** SUMMARY ***
Total pot $10 | Rake $0.50 
Board [Tc 2h 4c]
Seat 1: radu10101 (big blind) folded on the Flop
Seat 2: blistein folded before Flop (didn't bet)
Seat 3: mr.Jckpot folded before Flop (didn't bet)
Seat 4: BGS013 folded on the Flop
Seat 5: RAidakCo (button) collected ($9.50)
Seat 6: Unipoker11 (small blind) folded on the Flop



PokerStars Hand #254484521416:  Hold'em No Limit ($0.50/$1.00 USD) - 2025/01/21 15:23:59 WET [2025/01/21 10:23:59 ET]
Table 'Anhui III' 6-max Seat #6 is the button
Seat 1: radu10101 ($99.51 in chips) 
Seat 2: blistein ($100 in chips) 
Seat 3: mr.Jckpot ($108.42 in chips) 
Seat 4: BGS013 ($100 in chips) 
Seat 5: RAidakCo ($110.78 in chips) 
Seat 6: Unipoker11 ($107.97 in chips) 
radu10101: posts small blind $0.50
blistein: posts big blind $1
*** HOLE CARDS ***
mr.Jckpot: folds 
BGS013: folds 
RAidakCo: folds 
Unipoker11: raises $1.50 to $2.50
radu10101 has timed out
radu10101: folds 
blistein: raises $10.50 to $13
Unipoker11: folds 
Uncalled bet ($10.50) returned to blistein
blistein collected $5.50 from pot
blistein: doesn't show hand 
*** SUMMARY ***
Total pot $5.50 | Rake $0 
Seat 1: radu10101 (small blind) folded before Flop
Seat 2: blistein (big blind) collected ($5.50)
Seat 3: mr.Jckpot folded before Flop (didn't bet)
Seat 4: BGS013 folded before Flop (didn't bet)
Seat 5: RAidakCo folded before Flop (didn't bet)
Seat 6: Unipoker11 (button) folded before Flop



PokerStars Hand #254484530819:  Hold'em No Limit ($0.50/$1.00 USD) - 2025/01/21 15:24:45 WET [2025/01/21 10:24:45 ET]
Table 'Anhui III' 6-max Seat #2 is the button
Seat 1: radu10101 ($99.01 in chips) is sitting out
Seat 2: blistein ($103 in chips) 
Seat 3: mr.Jckpot ($108.42 in chips) 
Seat 4: BGS013 ($100 in chips) 
Seat 5: RAidakCo ($110.78 in chips) 
Seat 6: Unipoker11 ($105.47 in chips) 
mr.Jckpot: posts small blind $0.50
BGS013: posts big blind $1
*** HOLE CARDS ***
RAidakCo: folds 
Unipoker11: folds 
blistein: folds 
mr.Jckpot: folds 
Uncalled bet ($0.50) returned to BGS013
BGS013 collected $1 from pot
BGS013: doesn't show hand 
*** SUMMARY ***
Total pot $1 | Rake $0 
Seat 1: radu10101
Seat 2: blistein (button) folded before Flop (didn't bet)
Seat 3: mr.Jckpot (small blind) folded before Flop
Seat 4: BGS013 (big blind) collected ($1)
Seat 5: RAidakCo folded before Flop (didn't bet)
Seat 6: Unipoker11 folded before Flop (didn't bet)



PokerStars Hand #254484533537:  Hold'em No Limit ($0.50/$1.00 USD) - 2025/01/21 15:24:58 WET [2025/01/21 10:24:58 ET]
Table 'Anhui III' 6-max Seat #3 is the button
Seat 1: radu10101 ($99.01 in chips) 
Seat 2: blistein ($103 in chips) 
Seat 3: mr.Jckpot ($107.92 in chips) 
Seat 4: BGS013 ($100.50 in chips) 
Seat 5: RAidakCo ($110.78 in chips) 
Seat 6: Unipoker11 ($105.47 in chips) 
BGS013: posts small blind $0.50
RAidakCo: posts big blind $1
*** HOLE CARDS ***
Unipoker11: raises $1 to $2
radu10101: folds 
blistein: folds 
mr.Jckpot: folds 
BGS013: folds 
RAidakCo: calls $1
*** FLOP *** [5h Tc Qd]
RAidakCo: checks 
Unipoker11: bets $1.07
RAidakCo: calls $1.07
*** TURN *** [5h Tc Qd] [Jh]
RAidakCo: checks 
Unipoker11: bets $6.31
RAidakCo: calls $6.31
*** RIVER *** [5h Tc Qd Jh] [Td]
RAidakCo: checks 
Unipoker11: bets $13.72
RAidakCo: calls $13.72
*** SHOW DOWN ***
Unipoker11: shows [Ks Kd] (two pair, Kings and Tens)
RAidakCo: shows [Ts Ac] (three of a kind, Tens)
RAidakCo collected $44.36 from pot
*** SUMMARY ***
Total pot $46.70 | Rake $2.34 
Board [5h Tc Qd Jh Td]
Seat 1: radu10101 folded before Flop (didn't bet)
Seat 2: blistein folded before Flop (didn't bet)
Seat 3: mr.Jckpot (button) folded before Flop (didn't bet)
Seat 4: BGS013 (small blind) folded before Flop
Seat 5: RAidakCo (big blind) showed [Ts Ac] and won ($44.36) with three of a kind, Tens
Seat 6: Unipoker11 showed [Ks Kd] and lost with two pair, Kings and Tens



PokerStars Hand #254484551319:  Hold'em No Limit ($0.50/$1.00 USD) - 2025/01/21 15:26:24 WET [2025/01/21 10:26:24 ET]
Table 'Anhui III' 6-max Seat #4 is the button
Seat 1: radu10101 ($99.01 in chips) 
Seat 2: blistein ($103 in chips) 
Seat 3: mr.Jckpot ($107.92 in chips) 
Seat 4: BGS013 ($100 in chips) 
Seat 5: RAidakCo ($132.04 in chips) 
Seat 6: Unipoker11 ($100 in chips) 
RAidakCo: posts small blind $0.50
Unipoker11: posts big blind $1
*** HOLE CARDS ***
radu10101 has timed out
radu10101: folds 
blistein: folds 
mr.Jckpot: raises $1.50 to $2.50
BGS013: raises $5.50 to $8
RAidakCo: folds 
Unipoker11: folds 
mr.Jckpot: calls $5.50
*** FLOP *** [Qd As 2s]
mr.Jckpot: checks 
BGS013: bets $4.32
mr.Jckpot: folds 
Uncalled bet ($4.32) returned to BGS013
BGS013 collected $16.62 from pot
BGS013: doesn't show hand 
*** SUMMARY ***
Total pot $17.50 | Rake $0.88 
Board [Qd As 2s]
Seat 1: radu10101 folded before Flop (didn't bet)
Seat 2: blistein folded before Flop (didn't bet)
Seat 3: mr.Jckpot folded on the Flop
Seat 4: BGS013 (button) collected ($16.62)
Seat 5: RAidakCo (small blind) folded before Flop
Seat 6: Unipoker11 (big blind) folded before Flop



PokerStars Hand #254484562033:  Hold'em No Limit ($0.50/$1.00 USD) - 2025/01/21 15:27:17 WET [2025/01/21 10:27:17 ET]
Table 'Anhui III' 6-max Seat #5 is the button
Seat 1: radu10101 ($99.01 in chips) is sitting out
Seat 2: blistein ($103 in chips) 
Seat 3: mr.Jckpot ($100 in chips) 
Seat 4: BGS013 ($108.62 in chips) 
Seat 5: RAidakCo ($131.54 in chips) 
Seat 6: Unipoker11 ($100 in chips) 
Unipoker11: posts small blind $0.50
blistein: posts big blind $1
*** HOLE CARDS ***
mr.Jckpot: folds 
BGS013: folds 
RAidakCo: folds 
Unipoker11: folds 
Uncalled bet ($0.50) returned to blistein
blistein collected $1 from pot
blistein: doesn't show hand 
*** SUMMARY ***
Total pot $1 | Rake $0 
Seat 1: radu10101
Seat 2: blistein (big blind) collected ($1)
Seat 3: mr.Jckpot folded before Flop (didn't bet)
Seat 4: BGS013 folded before Flop (didn't bet)
Seat 5: RAidakCo (button) folded before Flop (didn't bet)
Seat 6: Unipoker11 (small blind) folded before Flop



PokerStars Hand #254484565363:  Hold'em No Limit ($0.50/$1.00 USD) - 2025/01/21 15:27:33 WET [2025/01/21 10:27:33 ET]
Table 'Anhui III' 6-max Seat #6 is the button
Seat 1: radu10101 ($99.01 in chips) is sitting out
Seat 2: blistein ($103.50 in chips) 
Seat 3: mr.Jckpot ($100 in chips) 
Seat 4: BGS013 ($108.62 in chips) 
Seat 5: RAidakCo ($131.54 in chips) 
Seat 6: Unipoker11 ($100 in chips) 
blistein: posts small blind $0.50
mr.Jckpot: posts big blind $1
*** HOLE CARDS ***
BGS013: folds 
RAidakCo: folds 
Unipoker11: folds 
blistein: raises $2 to $3
mr.Jckpot: folds 
Uncalled bet ($2) returned to blistein
blistein collected $2 from pot
blistein: doesn't show hand 
*** SUMMARY ***
Total pot $2 | Rake $0 
Seat 1: radu10101
Seat 2: blistein (small blind) collected ($2)
Seat 3: mr.Jckpot (big blind) folded before Flop
Seat 4: BGS013 folded before Flop (didn't bet)
Seat 5: RAidakCo folded before Flop (didn't bet)
Seat 6: Unipoker11 (button) folded before Flop (didn't bet)



PokerStars Hand #254484569468:  Hold'em No Limit ($0.50/$1.00 USD) - 2025/01/21 15:27:53 WET [2025/01/21 10:27:53 ET]
Table 'Anhui III' 6-max Seat #2 is the button
Seat 1: radu10101 ($99.01 in chips) is sitting out
Seat 2: blistein ($104.50 in chips) 
Seat 3: mr.Jckpot ($100 in chips) 
Seat 4: BGS013 ($108.62 in chips) 
Seat 5: RAidakCo ($131.54 in chips) 
Seat 6: Unipoker11 ($100 in chips) 
mr.Jckpot: posts small blind $0.50
BGS013: posts big blind $1
radu10101: sits out 
*** HOLE CARDS ***
RAidakCo: folds 
Unipoker11: raises $1.30 to $2.30
blistein: folds 
mr.Jckpot: folds 
BGS013: folds 
Uncalled bet ($1.30) returned to Unipoker11
Unipoker11 collected $2.50 from pot
Unipoker11: doesn't show hand 
*** SUMMARY ***
Total pot $2.50 | Rake $0 
Seat 1: radu10101
Seat 2: blistein (button) folded before Flop (didn't bet)
Seat 3: mr.Jckpot (small blind) folded before Flop
Seat 4: BGS013 (big blind) folded before Flop
Seat 5: RAidakCo folded before Flop (didn't bet)
Seat 6: Unipoker11 collected ($2.50)



PokerStars Hand #254484572192:  Hold'em No Limit ($0.50/$1.00 USD) - 2025/01/21 15:28:06 WET [2025/01/21 10:28:06 ET]
Table 'Anhui III' 6-max Seat #3 is the button
Seat 1: radu10101 ($99.01 in chips) 
Seat 2: blistein ($104.50 in chips) 
Seat 3: mr.Jckpot ($100 in chips) 
Seat 4: BGS013 ($107.62 in chips) 
Seat 5: RAidakCo ($131.54 in chips) 
Seat 6: Unipoker11 ($101.50 in chips) 
BGS013: posts small blind $0.50
RAidakCo: posts big blind $1
radu10101: posts small & big blinds $1.50
*** HOLE CARDS ***
Unipoker11: folds 
radu10101: checks 
blistein: folds 
mr.Jckpot: folds 
BGS013: folds 
RAidakCo: checks 
*** FLOP *** [Qd Tc Qs]
RAidakCo: checks 
radu10101: checks 
*** TURN *** [Qd Tc Qs] [9h]
RAidakCo: checks 
radu10101: checks 
*** RIVER *** [Qd Tc Qs 9h] [3h]
RAidakCo: bets $1
radu10101: calls $1
*** SHOW DOWN ***
RAidakCo: shows [6c 9c] (two pair, Queens and Nines)
radu10101: mucks hand 
RAidakCo collected $4.75 from pot
*** SUMMARY ***
Total pot $5 | Rake $0.25 
Board [Qd Tc Qs 9h 3h]
Seat 1: radu10101 mucked
Seat 2: blistein folded before Flop (didn't bet)
Seat 3: mr.Jckpot (button) folded before Flop (didn't bet)
Seat 4: BGS013 (small blind) folded before Flop
Seat 5: RAidakCo (big blind) showed [6c 9c] and won ($4.75) with two pair, Queens and Nines
Seat 6: Unipoker11 folded before Flop (didn't bet)



PokerStars Hand #254484577559:  Hold'em No Limit ($0.50/$1.00 USD) - 2025/01/21 15:28:32 WET [2025/01/21 10:28:32 ET]
Table 'Anhui III' 6-max Seat #4 is the button
Seat 1: radu10101 ($96.51 in chips) 
Seat 2: blistein ($104.50 in chips) 
Seat 3: mr.Jckpot ($100 in chips) 
Seat 4: BGS013 ($107.12 in chips) 
Seat 5: RAidakCo ($134.29 in chips) 
Seat 6: Unipoker11 ($101.50 in chips) 
RAidakCo: posts small blind $0.50
Unipoker11: posts big blind $1
*** HOLE CARDS ***
radu10101: calls $1
blistein: folds 
mr.Jckpot: folds 
BGS013: raises $3.50 to $4.50
RAidakCo: folds 
Unipoker11: calls $3.50
radu10101: calls $3.50
*** FLOP *** [2d Qs 7h]
Unipoker11: checks 
radu10101: bets $2
BGS013: folds 
Unipoker11: calls $2
*** TURN *** [2d Qs 7h] [7d]
Unipoker11: checks 
radu10101: checks 
*** RIVER *** [2d Qs 7h 7d] [Ad]
Unipoker11: checks 
radu10101: checks 
*** SHOW DOWN ***
Unipoker11: shows [Jc Qc] (two pair, Queens and Sevens)
radu10101: shows [Qh Tc] (two pair, Queens and Sevens)
Unipoker11 collected $8.55 from pot
radu10101 collected $8.55 from pot
*** SUMMARY ***
Total pot $18 | Rake $0.90 
Board [2d Qs 7h 7d Ad]
Seat 1: radu10101 showed [Qh Tc] and won ($8.55) with two pair, Queens and Sevens
Seat 2: blistein folded before Flop (didn't bet)
Seat 3: mr.Jckpot folded before Flop (didn't bet)
Seat 4: BGS013 (button) folded on the Flop
Seat 5: RAidakCo (small blind) folded before Flop
Seat 6: Unipoker11 (big blind) showed [Jc Qc] and won ($8.55) with two pair, Queens and Sevens



PokerStars Hand #254484587828:  Hold'em No Limit ($0.50/$1.00 USD) - 2025/01/21 15:29:22 WET [2025/01/21 10:29:22 ET]
Table 'Anhui III' 6-max Seat #5 is the button
Seat 1: radu10101 ($98.56 in chips) 
Seat 2: blistein ($104.50 in chips) 
Seat 3: mr.Jckpot ($100 in chips) 
Seat 4: BGS013 ($102.62 in chips) 
Seat 5: RAidakCo ($133.79 in chips) 
Seat 6: Unipoker11 ($103.55 in chips) 
Unipoker11: posts small blind $0.50
radu10101: posts big blind $1
*** HOLE CARDS ***
blistein: folds 
mr.Jckpot: folds 
BGS013: folds 
RAidakCo: folds 
Unipoker11: folds 
Uncalled bet ($0.50) returned to radu10101
radu10101 collected $1 from pot
*** SUMMARY ***
Total pot $1 | Rake $0 
Seat 1: radu10101 (big blind) collected ($1)
Seat 2: blistein folded before Flop (didn't bet)
Seat 3: mr.Jckpot folded before Flop (didn't bet)
Seat 4: BGS013 folded before Flop (didn't bet)
Seat 5: RAidakCo (button) folded before Flop (didn't bet)
Seat 6: Unipoker11 (small blind) folded before Flop



PokerStars Hand #254484590926:  Hold'em No Limit ($0.50/$1.00 USD) - 2025/01/21 15:29:37 WET [2025/01/21 10:29:37 ET]
Table 'Anhui III' 6-max Seat #6 is the button
Seat 1: radu10101 ($99.06 in chips) 
Seat 2: blistein ($104.50 in chips) 
Seat 3: mr.Jckpot ($100 in chips) 
Seat 4: BGS013 ($102.62 in chips) 
Seat 5: RAidakCo ($133.79 in chips) 
Seat 6: Unipoker11 ($103.05 in chips) 
radu10101: posts small blind $0.50
blistein: posts big blind $1
*** HOLE CARDS ***
mr.Jckpot: folds 
BGS013: folds 
RAidakCo: raises $1.20 to $2.20
Unipoker11: folds 
radu10101: calls $1.70
blistein: folds 
*** FLOP *** [6d Ad 9h]
radu10101: checks 
RAidakCo: bets $1.69
radu10101: folds 
Uncalled bet ($1.69) returned to RAidakCo
RAidakCo collected $5.13 from pot
RAidakCo: doesn't show hand 
*** SUMMARY ***
Total pot $5.40 | Rake $0.27 
Board [6d Ad 9h]
Seat 1: radu10101 (small blind) folded on the Flop
Seat 2: blistein (big blind) folded before Flop
Seat 3: mr.Jckpot folded before Flop (didn't bet)
Seat 4: BGS013 folded before Flop (didn't bet)
Seat 5: RAidakCo collected ($5.13)
Seat 6: Unipoker11 (button) folded before Flop (didn't bet)



PokerStars Hand #254484596055:  Hold'em No Limit ($0.50/$1.00 USD) - 2025/01/21 15:30:01 WET [2025/01/21 10:30:01 ET]
Table 'Anhui III' 6-max Seat #1 is the button
Seat 1: radu10101 ($96.86 in chips) 
Seat 2: blistein ($103.50 in chips) 
Seat 3: mr.Jckpot ($100 in chips) 
Seat 4: BGS013 ($102.62 in chips) 
Seat 5: RAidakCo ($136.72 in chips) 
Seat 6: Unipoker11 ($103.05 in chips) 
blistein: posts small blind $0.50
mr.Jckpot: posts big blind $1
*** HOLE CARDS ***
BGS013: raises $1 to $2
RAidakCo: raises $5 to $7
Unipoker11: folds 
radu10101: folds 
blistein: folds 
mr.Jckpot: folds 
BGS013: folds 
Uncalled bet ($5) returned to RAidakCo
RAidakCo collected $5.50 from pot
RAidakCo: doesn't show hand 
*** SUMMARY ***
Total pot $5.50 | Rake $0 
Seat 1: radu10101 (button) folded before Flop (didn't bet)
Seat 2: blistein (small blind) folded before Flop
Seat 3: mr.Jckpot (big blind) folded before Flop
Seat 4: BGS013 folded before Flop
Seat 5: RAidakCo collected ($5.50)
Seat 6: Unipoker11 folded before Flop (didn't bet)



PokerStars Hand #254484601720:  Hold'em No Limit ($0.50/$1.00 USD) - 2025/01/21 15:30:28 WET [2025/01/21 10:30:28 ET]
Table 'Anhui III' 6-max Seat #2 is the button
Seat 1: radu10101 ($96.86 in chips) 
Seat 2: blistein ($103 in chips) 
Seat 3: mr.Jckpot ($100 in chips) 
Seat 4: BGS013 ($100.62 in chips) 
Seat 5: RAidakCo ($140.22 in chips) 
Seat 6: Unipoker11 ($103.05 in chips) 
mr.Jckpot: posts small blind $0.50
BGS013: posts big blind $1
*** HOLE CARDS ***
RAidakCo: raises $1 to $2
Unipoker11: folds 
radu10101: calls $2
blistein: folds 
mr.Jckpot: folds 
BGS013: folds 
*** FLOP *** [9s Kc 6c]
RAidakCo: bets $2.61
radu10101: calls $2.61
*** TURN *** [9s Kc 6c] [6d]
RAidakCo: bets $5.09
radu10101: calls $5.09
*** RIVER *** [9s Kc 6c 6d] [2s]
RAidakCo: bets $9.93
radu10101: folds 
Uncalled bet ($9.93) returned to RAidakCo
RAidakCo collected $19.86 from pot
RAidakCo: doesn't show hand 
*** SUMMARY ***
Total pot $20.90 | Rake $1.04 
Board [9s Kc 6c 6d 2s]
Seat 1: radu10101 folded on the River
Seat 2: blistein (button) folded before Flop (didn't bet)
Seat 3: mr.Jckpot (small blind) folded before Flop
Seat 4: BGS013 (big blind) folded before Flop
Seat 5: RAidakCo collected ($19.86)
Seat 6: Unipoker11 folded before Flop (didn't bet)



PokerStars Hand #254484610856:  Hold'em No Limit ($0.50/$1.00 USD) - 2025/01/21 15:31:12 WET [2025/01/21 10:31:12 ET]
Table 'Anhui III' 6-max Seat #3 is the button
Seat 1: radu10101 ($87.16 in chips) 
Seat 2: blistein ($103 in chips) 
Seat 3: mr.Jckpot ($100 in chips) 
Seat 4: BGS013 ($100 in chips) 
Seat 5: RAidakCo ($150.38 in chips) 
Seat 6: Unipoker11 ($103.05 in chips) 
BGS013: posts small blind $0.50
RAidakCo: posts big blind $1
*** HOLE CARDS ***
Unipoker11: raises $1 to $2
radu10101: calls $2
blistein: folds 
mr.Jckpot: folds 
BGS013: folds 
RAidakCo: folds 
*** FLOP *** [6s 9c Ks]
Unipoker11: checks 
radu10101: bets $2
Unipoker11: calls $2
*** TURN *** [6s 9c Ks] [7h]
Unipoker11: checks 
radu10101: bets $2
Unipoker11: folds 
Uncalled bet ($2) returned to radu10101
radu10101 collected $9.02 from pot
*** SUMMARY ***
Total pot $9.50 | Rake $0.48 
Board [6s 9c Ks 7h]
Seat 1: radu10101 collected ($9.02)
Seat 2: blistein folded before Flop (didn't bet)
Seat 3: mr.Jckpot (button) folded before Flop (didn't bet)
Seat 4: BGS013 (small blind) folded before Flop
Seat 5: RAidakCo (big blind) folded before Flop
Seat 6: Unipoker11 folded on the Turn



PokerStars Hand #254484620633:  Hold'em No Limit ($0.50/$1.00 USD) - 2025/01/21 15:31:59 WET [2025/01/21 10:31:59 ET]
Table 'Anhui III' 6-max Seat #4 is the button
Seat 1: radu10101 ($92.18 in chips) 
Seat 2: blistein ($103 in chips) 
Seat 3: mr.Jckpot ($100 in chips) 
Seat 4: BGS013 ($100 in chips) 
Seat 5: RAidakCo ($149.38 in chips) 
Seat 6: Unipoker11 ($100 in chips) 
RAidakCo: posts small blind $0.50
Unipoker11: posts big blind $1
*** HOLE CARDS ***
radu10101 has timed out
radu10101: folds 
blistein: folds 
mr.Jckpot: folds 
BGS013: raises $1.50 to $2.50
RAidakCo: folds 
Unipoker11: calls $1.50
*** FLOP *** [6h Ks Js]
Unipoker11: checks 
BGS013: bets $1.36
Unipoker11: calls $1.36
*** TURN *** [6h Ks Js] [2c]
Unipoker11: checks 
BGS013: bets $10
Unipoker11: folds 
Uncalled bet ($10) returned to BGS013
BGS013 collected $7.81 from pot
BGS013: doesn't show hand 
*** SUMMARY ***
Total pot $8.22 | Rake $0.41 
Board [6h Ks Js 2c]
Seat 1: radu10101 folded before Flop (didn't bet)
Seat 2: blistein folded before Flop (didn't bet)
Seat 3: mr.Jckpot folded before Flop (didn't bet)
Seat 4: BGS013 (button) collected ($7.81)
Seat 5: RAidakCo (small blind) folded before Flop
Seat 6: Unipoker11 (big blind) folded on the Turn



PokerStars Hand #254484638901:  Hold'em No Limit ($0.50/$1.00 USD) - 2025/01/21 15:33:26 WET [2025/01/21 10:33:26 ET]
Table 'Anhui III' 6-max Seat #5 is the button
Seat 1: radu10101 ($92.18 in chips) 
Seat 2: blistein ($103 in chips) 
Seat 3: mr.Jckpot ($100 in chips) 
Seat 4: BGS013 ($103.95 in chips) 
Seat 5: RAidakCo ($148.88 in chips) 
Seat 6: Unipoker11 ($100 in chips) 
Unipoker11: posts small blind $0.50
radu10101: posts big blind $1
*** HOLE CARDS ***
blistein: raises $1.20 to $2.20
mr.Jckpot: folds 
BGS013: folds 
RAidakCo: folds 
Unipoker11: folds 
radu10101: calls $1.20
*** FLOP *** [9d Qs Jd]
radu10101: checks 
blistein: checks 
*** TURN *** [9d Qs Jd] [Kh]
radu10101: bets $2
blistein: folds 
Uncalled bet ($2) returned to radu10101
radu10101 collected $4.66 from pot
*** SUMMARY ***
Total pot $4.90 | Rake $0.24 
Board [9d Qs Jd Kh]
Seat 1: radu10101 (big blind) collected ($4.66)
Seat 2: blistein folded on the Turn
Seat 3: mr.Jckpot folded before Flop (didn't bet)
Seat 4: BGS013 folded before Flop (didn't bet)
Seat 5: RAidakCo (button) folded before Flop (didn't bet)
Seat 6: Unipoker11 (small blind) folded before Flop



PokerStars Hand #254484644860:  Hold'em No Limit ($0.50/$1.00 USD) - 2025/01/21 15:33:55 WET [2025/01/21 10:33:55 ET]
Table 'Anhui III' 6-max Seat #6 is the button
Seat 1: radu10101 ($94.64 in chips) 
Seat 2: blistein ($100.80 in chips) 
Seat 3: mr.Jckpot ($100 in chips) 
Seat 4: BGS013 ($103.95 in chips) 
Seat 5: RAidakCo ($148.88 in chips) 
Seat 6: Unipoker11 ($100 in chips) 
radu10101: posts small blind $0.50
blistein: posts big blind $1
*** HOLE CARDS ***
mr.Jckpot: folds 
BGS013: raises $1 to $2
RAidakCo: folds 
Unipoker11: folds 
radu10101: raises $1 to $3
blistein: folds 
BGS013: calls $1
*** FLOP *** [Kd 9s Ah]
radu10101: bets $3
BGS013: folds 
Uncalled bet ($3) returned to radu10101
radu10101 collected $6.65 from pot
*** SUMMARY ***
Total pot $7 | Rake $0.35 
Board [Kd 9s Ah]
Seat 1: radu10101 (small blind) collected ($6.65)
Seat 2: blistein (big blind) folded before Flop
Seat 3: mr.Jckpot folded before Flop (didn't bet)
Seat 4: BGS013 folded on the Flop
Seat 5: RAidakCo folded before Flop (didn't bet)
Seat 6: Unipoker11 (button) folded before Flop (didn't bet)



PokerStars Hand #254484651638:  Hold'em No Limit ($0.50/$1.00 USD) - 2025/01/21 15:34:26 WET [2025/01/21 10:34:26 ET]
Table 'Anhui III' 6-max Seat #1 is the button
Seat 1: radu10101 ($98.29 in chips) 
Seat 2: blistein ($100 in chips) 
Seat 3: mr.Jckpot ($100 in chips) 
Seat 4: BGS013 ($100.95 in chips) 
Seat 5: RAidakCo ($148.88 in chips) 
Seat 6: Unipoker11 ($100 in chips) 
blistein: posts small blind $0.50
mr.Jckpot: posts big blind $1
*** HOLE CARDS ***
BGS013: raises $1 to $2
RAidakCo: folds 
Unipoker11: folds 
radu10101: calls $2
blistein: folds 
mr.Jckpot: folds 
*** FLOP *** [9d 4h 2s]
BGS013: checks 
radu10101: bets $1
BGS013: calls $1
*** TURN *** [9d 4h 2s] [3s]
BGS013: checks 
radu10101: bets $2
BGS013: calls $2
*** RIVER *** [9d 4h 2s 3s] [8d]
BGS013: checks 
radu10101: checks 
*** SHOW DOWN ***
BGS013: shows [5s 5c] (a pair of Fives)
radu10101: mucks hand 
BGS013 collected $10.92 from pot
*** SUMMARY ***
Total pot $11.50 | Rake $0.58 
Board [9d 4h 2s 3s 8d]
Seat 1: radu10101 (button) mucked
Seat 2: blistein (small blind) folded before Flop
Seat 3: mr.Jckpot (big blind) folded before Flop
Seat 4: BGS013 showed [5s 5c] and won ($10.92) with a pair of Fives
Seat 5: RAidakCo folded before Flop (didn't bet)
Seat 6: Unipoker11 folded before Flop (didn't bet)



PokerStars Hand #254484662844:  Hold'em No Limit ($0.50/$1.00 USD) - 2025/01/21 15:35:19 WET [2025/01/21 10:35:19 ET]
Table 'Anhui III' 6-max Seat #2 is the button
Seat 1: radu10101 ($93.29 in chips) 
Seat 2: blistein ($100 in chips) 
Seat 3: mr.Jckpot ($100 in chips) 
Seat 4: BGS013 ($106.87 in chips) 
Seat 5: RAidakCo ($148.88 in chips) 
Seat 6: Unipoker11 ($100 in chips) 
mr.Jckpot: posts small blind $0.50
BGS013: posts big blind $1
*** HOLE CARDS ***
RAidakCo: folds 
Unipoker11: raises $1 to $2
radu10101: folds 
blistein: folds 
mr.Jckpot: folds 
BGS013: raises $9 to $11
Unipoker11: calls $9
*** FLOP *** [5s Qh 9d]
BGS013: bets $5.06
Unipoker11: calls $5.06
*** TURN *** [5s Qh 9d] [Qc]
BGS013: checks 
Unipoker11: bets $10.23
BGS013: calls $10.23
*** RIVER *** [5s Qh 9d Qc] [7d]
BGS013: checks 
Unipoker11: checks 
*** SHOW DOWN ***
BGS013: shows [9h Th] (two pair, Queens and Nines)
Unipoker11: mucks hand 
BGS013 collected $50.58 from pot
*** SUMMARY ***
Total pot $53.08 | Rake $2.50 
Board [5s Qh 9d Qc 7d]
Seat 1: radu10101 folded before Flop (didn't bet)
Seat 2: blistein (button) folded before Flop (didn't bet)
Seat 3: mr.Jckpot (small blind) folded before Flop
Seat 4: BGS013 (big blind) showed [9h Th] and won ($50.58) with two pair, Queens and Nines
Seat 5: RAidakCo folded before Flop (didn't bet)
Seat 6: Unipoker11 mucked



PokerStars Hand #254484685300:  Hold'em No Limit ($0.50/$1.00 USD) - 2025/01/21 15:37:05 WET [2025/01/21 10:37:05 ET]
Table 'Anhui III' 6-max Seat #3 is the button
Seat 1: radu10101 ($93.29 in chips) 
Seat 2: blistein ($100 in chips) 
Seat 3: mr.Jckpot ($100 in chips) 
Seat 4: BGS013 ($131.16 in chips) 
Seat 5: RAidakCo ($148.88 in chips) 
Seat 6: Unipoker11 ($100 in chips) 
BGS013: posts small blind $0.50
RAidakCo: posts big blind $1
*** HOLE CARDS ***
Unipoker11: folds 
radu10101: folds 
blistein: folds 
mr.Jckpot: folds 
BGS013: folds 
Uncalled bet ($0.50) returned to RAidakCo
RAidakCo collected $1 from pot
RAidakCo: doesn't show hand 
*** SUMMARY ***
Total pot $1 | Rake $0 
Seat 1: radu10101 folded before Flop (didn't bet)
Seat 2: blistein folded before Flop (didn't bet)
Seat 3: mr.Jckpot (button) folded before Flop (didn't bet)
Seat 4: BGS013 (small blind) folded before Flop
Seat 5: RAidakCo (big blind) collected ($1)
Seat 6: Unipoker11 folded before Flop (didn't bet)



PokerStars Hand #254484687109:  Hold'em No Limit ($0.50/$1.00 USD) - 2025/01/21 15:37:13 WET [2025/01/21 10:37:13 ET]
Table 'Anhui III' 6-max Seat #4 is the button
Seat 1: radu10101 ($93.29 in chips) 
Seat 2: blistein ($100 in chips) 
Seat 3: mr.Jckpot ($100 in chips) 
Seat 4: BGS013 ($130.66 in chips) 
Seat 5: RAidakCo ($149.38 in chips) 
Seat 6: Unipoker11 ($100 in chips) 
RAidakCo: posts small blind $0.50
Unipoker11: posts big blind $1
*** HOLE CARDS ***
radu10101: folds 
blistein: folds 
mr.Jckpot: folds 
BGS013: raises $1.50 to $2.50
RAidakCo: folds 
Unipoker11: folds 
Uncalled bet ($1.50) returned to BGS013
BGS013 collected $2.50 from pot
BGS013: doesn't show hand 
*** SUMMARY ***
Total pot $2.50 | Rake $0 
Seat 1: radu10101 folded before Flop (didn't bet)
Seat 2: blistein folded before Flop (didn't bet)
Seat 3: mr.Jckpot folded before Flop (didn't bet)
Seat 4: BGS013 (button) collected ($2.50)
Seat 5: RAidakCo (small blind) folded before Flop
Seat 6: Unipoker11 (big blind) folded before Flop



PokerStars Hand #254484693560:  Hold'em No Limit ($0.50/$1.00 USD) - 2025/01/21 15:37:44 WET [2025/01/21 10:37:44 ET]
Table 'Anhui III' 6-max Seat #5 is the button
Seat 1: radu10101 ($93.29 in chips) 
Seat 2: blistein ($100 in chips) 
Seat 3: mr.Jckpot ($100 in chips) 
Seat 4: BGS013 ($132.16 in chips) 
Seat 5: RAidakCo ($148.88 in chips) 
Seat 6: Unipoker11 ($100 in chips) 
Unipoker11: posts small blind $0.50
radu10101: posts big blind $1
*** HOLE CARDS ***
blistein: folds 
mr.Jckpot: folds 
BGS013: raises $1.50 to $2.50
RAidakCo: folds 
Unipoker11: folds 
radu10101: calls $1.50
*** FLOP *** [2s Qh Ah]
radu10101: bets $2
BGS013: calls $2
*** TURN *** [2s Qh Ah] [Qs]
radu10101: bets $4
BGS013: calls $4
*** RIVER *** [2s Qh Ah Qs] [Th]
radu10101: bets $7
BGS013: calls $7
*** SHOW DOWN ***
radu10101: shows [Jd Qd] (three of a kind, Queens)
BGS013: mucks hand 
radu10101 collected $29.92 from pot
*** SUMMARY ***
Total pot $31.50 | Rake $1.58 
Board [2s Qh Ah Qs Th]
Seat 1: radu10101 (big blind) showed [Jd Qd] and won ($29.92) with three of a kind, Queens
Seat 2: blistein folded before Flop (didn't bet)
Seat 3: mr.Jckpot folded before Flop (didn't bet)
Seat 4: BGS013 mucked
Seat 5: RAidakCo (button) folded before Flop (didn't bet)
Seat 6: Unipoker11 (small blind) folded before Flop



PokerStars Hand #254484702862:  Hold'em No Limit ($0.50/$1.00 USD) - 2025/01/21 15:38:28 WET [2025/01/21 10:38:28 ET]
Table 'Anhui III' 6-max Seat #6 is the button
Seat 1: radu10101 ($107.71 in chips) 
Seat 2: blistein ($100 in chips) 
Seat 3: mr.Jckpot ($100 in chips) 
Seat 4: BGS013 ($116.66 in chips) 
Seat 5: RAidakCo ($148.88 in chips) 
Seat 6: Unipoker11 ($100 in chips) 
radu10101: posts small blind $0.50
blistein: posts big blind $1
*** HOLE CARDS ***
mr.Jckpot: folds 
BGS013: folds 
RAidakCo: folds 
Unipoker11: folds 
radu10101: raises $2 to $3
blistein: folds 
Uncalled bet ($2) returned to radu10101
radu10101 collected $2 from pot
*** SUMMARY ***
Total pot $2 | Rake $0 
Seat 1: radu10101 (small blind) collected ($2)
Seat 2: blistein (big blind) folded before Flop
Seat 3: mr.Jckpot folded before Flop (didn't bet)
Seat 4: BGS013 folded before Flop (didn't bet)
Seat 5: RAidakCo folded before Flop (didn't bet)
Seat 6: Unipoker11 (button) folded before Flop (didn't bet)



PokerStars Hand #254484706253:  Hold'em No Limit ($0.50/$1.00 USD) - 2025/01/21 15:38:44 WET [2025/01/21 10:38:44 ET]
Table 'Anhui III' 6-max Seat #1 is the button
Seat 1: radu10101 ($108.71 in chips) 
Seat 2: blistein ($100 in chips) 
Seat 3: mr.Jckpot ($100 in chips) 
Seat 4: BGS013 ($116.66 in chips) 
Seat 5: RAidakCo ($148.88 in chips) 
Seat 6: Unipoker11 ($100 in chips) 
blistein: posts small blind $0.50
mr.Jckpot: posts big blind $1
*** HOLE CARDS ***
BGS013: folds 
RAidakCo: folds 
Unipoker11: folds 
radu10101: calls $1
blistein: folds 
mr.Jckpot: checks 
*** FLOP *** [Ad 8d 7d]
mr.Jckpot: checks 
radu10101: bets $2
mr.Jckpot: folds 
Uncalled bet ($2) returned to radu10101
radu10101 collected $2.38 from pot
*** SUMMARY ***
Total pot $2.50 | Rake $0.12 
Board [Ad 8d 7d]
Seat 1: radu10101 (button) collected ($2.38)
Seat 2: blistein (small blind) folded before Flop
Seat 3: mr.Jckpot (big blind) folded on the Flop
Seat 4: BGS013 folded before Flop (didn't bet)
Seat 5: RAidakCo folded before Flop (didn't bet)
Seat 6: Unipoker11 folded before Flop (didn't bet)



PokerStars Hand #254484712023:  Hold'em No Limit ($0.50/$1.00 USD) - 2025/01/21 15:39:11 WET [2025/01/21 10:39:11 ET]
Table 'Anhui III' 6-max Seat #2 is the button
Seat 1: radu10101 ($110.09 in chips) 
Seat 2: blistein ($100 in chips) 
Seat 3: mr.Jckpot ($100 in chips) 
Seat 4: BGS013 ($116.66 in chips) 
Seat 5: RAidakCo ($148.88 in chips) 
Seat 6: Unipoker11 ($100 in chips) 
mr.Jckpot: posts small blind $0.50
BGS013: posts big blind $1
*** HOLE CARDS ***
RAidakCo: folds 
Unipoker11: raises $1 to $2
radu10101: folds 
blistein: folds 
mr.Jckpot: folds 
BGS013: folds 
Uncalled bet ($1) returned to Unipoker11
Unipoker11 collected $2.50 from pot
Unipoker11: doesn't show hand 
*** SUMMARY ***
Total pot $2.50 | Rake $0 
Seat 1: radu10101 folded before Flop (didn't bet)
Seat 2: blistein (button) folded before Flop (didn't bet)
Seat 3: mr.Jckpot (small blind) folded before Flop
Seat 4: BGS013 (big blind) folded before Flop
Seat 5: RAidakCo folded before Flop (didn't bet)
Seat 6: Unipoker11 collected ($2.50)



PokerStars Hand #254484715711:  Hold'em No Limit ($0.50/$1.00 USD) - 2025/01/21 15:39:29 WET [2025/01/21 10:39:29 ET]
Table 'Anhui III' 6-max Seat #3 is the button
Seat 1: radu10101 ($110.09 in chips) 
Seat 2: blistein ($100 in chips) 
Seat 3: mr.Jckpot ($100 in chips) 
Seat 4: BGS013 ($115.66 in chips) 
Seat 5: RAidakCo ($148.88 in chips) 
Seat 6: Unipoker11 ($101.50 in chips) 
BGS013: posts small blind $0.50
RAidakCo: posts big blind $1
*** HOLE CARDS ***
Unipoker11: folds 
radu10101: folds 
blistein: folds 
mr.Jckpot: folds 
BGS013: folds 
Uncalled bet ($0.50) returned to RAidakCo
RAidakCo collected $1 from pot
RAidakCo: doesn't show hand 
*** SUMMARY ***
Total pot $1 | Rake $0 
Seat 1: radu10101 folded before Flop (didn't bet)
Seat 2: blistein folded before Flop (didn't bet)
Seat 3: mr.Jckpot (button) folded before Flop (didn't bet)
Seat 4: BGS013 (small blind) folded before Flop
Seat 5: RAidakCo (big blind) collected ($1)
Seat 6: Unipoker11 folded before Flop (didn't bet)



PokerStars Hand #254484718265:  Hold'em No Limit ($0.50/$1.00 USD) - 2025/01/21 15:39:41 WET [2025/01/21 10:39:41 ET]
Table 'Anhui III' 6-max Seat #4 is the button
Seat 1: radu10101 ($110.09 in chips) 
Seat 2: blistein ($100 in chips) 
Seat 3: mr.Jckpot ($100 in chips) 
Seat 4: BGS013 ($115.16 in chips) 
Seat 5: RAidakCo ($149.38 in chips) 
Seat 6: Unipoker11 ($101.50 in chips) 
RAidakCo: posts small blind $0.50
Unipoker11: posts big blind $1
*** HOLE CARDS ***
radu10101: calls $1
blistein: folds 
mr.Jckpot: folds 
BGS013: folds 
RAidakCo: calls $0.50
Unipoker11: checks 
*** FLOP *** [Js 7h As]
RAidakCo: checks 
Unipoker11: checks 
radu10101: bets $3
RAidakCo: folds 
Unipoker11: folds 
Uncalled bet ($3) returned to radu10101
radu10101 collected $2.85 from pot
*** SUMMARY ***
Total pot $3 | Rake $0.15 
Board [Js 7h As]
Seat 1: radu10101 collected ($2.85)
Seat 2: blistein folded before Flop (didn't bet)
Seat 3: mr.Jckpot folded before Flop (didn't bet)
Seat 4: BGS013 (button) folded before Flop (didn't bet)
Seat 5: RAidakCo (small blind) folded on the Flop
Seat 6: Unipoker11 (big blind) folded on the Flop



PokerStars Hand #254484723407:  Hold'em No Limit ($0.50/$1.00 USD) - 2025/01/21 15:40:06 WET [2025/01/21 10:40:06 ET]
Table 'Anhui III' 6-max Seat #5 is the button
Seat 1: radu10101 ($111.94 in chips) 
Seat 2: blistein ($100 in chips) 
Seat 3: mr.Jckpot ($100 in chips) 
Seat 4: BGS013 ($115.16 in chips) 
Seat 5: RAidakCo ($148.38 in chips) 
Seat 6: Unipoker11 ($100.50 in chips) 
Unipoker11: posts small blind $0.50
radu10101: posts big blind $1
*** HOLE CARDS ***
blistein: folds 
mr.Jckpot: raises $1.50 to $2.50
BGS013: folds 
RAidakCo: calls $2.50
Unipoker11: folds 
radu10101: raises $2.50 to $5
mr.Jckpot: calls $2.50
RAidakCo: calls $2.50
*** FLOP *** [7d 2s 4c]
radu10101: bets $5
mr.Jckpot: calls $5
RAidakCo: calls $5
*** TURN *** [7d 2s 4c] [3s]
radu10101: bets $7
mr.Jckpot: calls $7
RAidakCo: calls $7
*** RIVER *** [7d 2s 4c 3s] [Th]
radu10101: bets $11
mr.Jckpot: folds 
RAidakCo: calls $11
*** SHOW DOWN ***
radu10101: shows [Ks Ad] (high card Ace)
RAidakCo: shows [4h 5h] (a pair of Fours)
RAidakCo collected $71 from pot
*** SUMMARY ***
Total pot $73.50 | Rake $2.50 
Board [7d 2s 4c 3s Th]
Seat 1: radu10101 (big blind) showed [Ks Ad] and lost with high card Ace
Seat 2: blistein folded before Flop (didn't bet)
Seat 3: mr.Jckpot folded on the River
Seat 4: BGS013 folded before Flop (didn't bet)
Seat 5: RAidakCo (button) showed [4h 5h] and won ($71) with a pair of Fours
Seat 6: Unipoker11 (small blind) folded before Flop



PokerStars Hand #254484736479:  Hold'em No Limit ($0.50/$1.00 USD) - 2025/01/21 15:41:08 WET [2025/01/21 10:41:08 ET]
Table 'Anhui III' 6-max Seat #6 is the button
Seat 1: radu10101 ($83.94 in chips) 
Seat 2: blistein ($100 in chips) 
Seat 3: mr.Jckpot ($100 in chips) 
Seat 4: BGS013 ($115.16 in chips) 
Seat 5: RAidakCo ($191.38 in chips) 
Seat 6: Unipoker11 ($100 in chips) 
radu10101: posts small blind $0.50
blistein: posts big blind $1
*** HOLE CARDS ***
mr.Jckpot: folds 
BGS013: folds 
RAidakCo: raises $1.20 to $2.20
Unipoker11: folds 
radu10101: calls $1.70
blistein: folds 
*** FLOP *** [Ah Kh 2c]
radu10101: bets $2
RAidakCo: calls $2
*** TURN *** [Ah Kh 2c] [4d]
radu10101: bets $3
RAidakCo: raises $12 to $15
radu10101: folds 
Uncalled bet ($12) returned to RAidakCo
RAidakCo collected $14.63 from pot
RAidakCo: doesn't show hand 
*** SUMMARY ***
Total pot $15.40 | Rake $0.77 
Board [Ah Kh 2c 4d]
Seat 1: radu10101 (small blind) folded on the Turn
Seat 2: blistein (big blind) folded before Flop
Seat 3: mr.Jckpot folded before Flop (didn't bet)
Seat 4: BGS013 folded before Flop (didn't bet)
Seat 5: RAidakCo collected ($14.63)
Seat 6: Unipoker11 (button) folded before Flop (didn't bet)



PokerStars Hand #254484747028:  Hold'em No Limit ($0.50/$1.00 USD) - 2025/01/21 15:41:58 WET [2025/01/21 10:41:58 ET]
Table 'Anhui III' 6-max Seat #1 is the button
Seat 1: radu10101 ($76.74 in chips) 
Seat 2: blistein ($100 in chips) 
Seat 3: mr.Jckpot ($100 in chips) 
Seat 4: BGS013 ($115.16 in chips) 
Seat 5: RAidakCo ($198.81 in chips) 
Seat 6: Unipoker11 ($100 in chips) 
blistein: posts small blind $0.50
mr.Jckpot: posts big blind $1
*** HOLE CARDS ***
BGS013: raises $1 to $2
RAidakCo: raises $5 to $7
Unipoker11: folds 
radu10101: folds 
blistein: folds 
mr.Jckpot: folds 
BGS013: folds 
Uncalled bet ($5) returned to RAidakCo
RAidakCo collected $5.50 from pot
RAidakCo: doesn't show hand 
*** SUMMARY ***
Total pot $5.50 | Rake $0 
Seat 1: radu10101 (button) folded before Flop (didn't bet)
Seat 2: blistein (small blind) folded before Flop
Seat 3: mr.Jckpot (big blind) folded before Flop
Seat 4: BGS013 folded before Flop
Seat 5: RAidakCo collected ($5.50)
Seat 6: Unipoker11 folded before Flop (didn't bet)



PokerStars Hand #254484753452:  Hold'em No Limit ($0.50/$1.00 USD) - 2025/01/21 15:42:28 WET [2025/01/21 10:42:28 ET]
Table 'Anhui III' 6-max Seat #2 is the button
Seat 1: radu10101 ($76.74 in chips) 
Seat 2: blistein ($100 in chips) 
Seat 3: mr.Jckpot ($100 in chips) 
Seat 4: BGS013 ($113.16 in chips) 
Seat 5: RAidakCo ($202.31 in chips) 
Seat 6: Unipoker11 ($100 in chips) 
mr.Jckpot: posts small blind $0.50
BGS013: posts big blind $1
*** HOLE CARDS ***
RAidakCo: raises $1 to $2
Unipoker11: folds 
radu10101: calls $2
blistein: folds 
mr.Jckpot: folds 
BGS013: folds 
*** FLOP *** [Ah 6c 2s]
RAidakCo: bets $1.72
radu10101: folds 
Uncalled bet ($1.72) returned to RAidakCo
RAidakCo collected $5.22 from pot
RAidakCo: doesn't show hand 
*** SUMMARY ***
Total pot $5.50 | Rake $0.28 
Board [Ah 6c 2s]
Seat 1: radu10101 folded on the Flop
Seat 2: blistein (button) folded before Flop (didn't bet)
Seat 3: mr.Jckpot (small blind) folded before Flop
Seat 4: BGS013 (big blind) folded before Flop
Seat 5: RAidakCo collected ($5.22)
Seat 6: Unipoker11 folded before Flop (didn't bet)



PokerStars Hand #254484757530:  Hold'em No Limit ($0.50/$1.00 USD) - 2025/01/21 15:42:48 WET [2025/01/21 10:42:48 ET]
Table 'Anhui III' 6-max Seat #3 is the button
Seat 1: radu10101 ($74.74 in chips) 
Seat 2: blistein ($100 in chips) 
Seat 3: mr.Jckpot ($100 in chips) 
Seat 4: BGS013 ($112.16 in chips) 
Seat 5: RAidakCo ($205.53 in chips) 
Seat 6: Unipoker11 ($100 in chips) 
BGS013: posts small blind $0.50
RAidakCo: posts big blind $1
*** HOLE CARDS ***
Unipoker11: raises $1 to $2
radu10101: folds 
blistein: folds 
mr.Jckpot: folds 
BGS013: folds 
RAidakCo: folds 
Uncalled bet ($1) returned to Unipoker11
Unipoker11 collected $2.50 from pot
Unipoker11: doesn't show hand 
*** SUMMARY ***
Total pot $2.50 | Rake $0 
Seat 1: radu10101 folded before Flop (didn't bet)
Seat 2: blistein folded before Flop (didn't bet)
Seat 3: mr.Jckpot (button) folded before Flop (didn't bet)
Seat 4: BGS013 (small blind) folded before Flop
Seat 5: RAidakCo (big blind) folded before Flop
Seat 6: Unipoker11 collected ($2.50)



PokerStars Hand #254484760832:  Hold'em No Limit ($0.50/$1.00 USD) - 2025/01/21 15:43:03 WET [2025/01/21 10:43:03 ET]
Table 'Anhui III' 6-max Seat #4 is the button
Seat 1: radu10101 ($74.74 in chips) 
Seat 2: blistein ($100 in chips) 
Seat 3: mr.Jckpot ($100 in chips) 
Seat 4: BGS013 ($111.66 in chips) 
Seat 5: RAidakCo ($204.53 in chips) 
Seat 6: Unipoker11 ($101.50 in chips) 
RAidakCo: posts small blind $0.50
Unipoker11: posts big blind $1
*** HOLE CARDS ***
radu10101: folds 
blistein: folds 
mr.Jckpot: folds 
BGS013: raises $1.50 to $2.50
RAidakCo: folds 
Unipoker11: folds 
Uncalled bet ($1.50) returned to BGS013
BGS013 collected $2.50 from pot
BGS013: doesn't show hand 
*** SUMMARY ***
Total pot $2.50 | Rake $0 
Seat 1: radu10101 folded before Flop (didn't bet)
Seat 2: blistein folded before Flop (didn't bet)
Seat 3: mr.Jckpot folded before Flop (didn't bet)
Seat 4: BGS013 (button) collected ($2.50)
Seat 5: RAidakCo (small blind) folded before Flop
Seat 6: Unipoker11 (big blind) folded before Flop



PokerStars Hand #254484763516:  Hold'em No Limit ($0.50/$1.00 USD) - 2025/01/21 15:43:17 WET [2025/01/21 10:43:17 ET]
Table 'Anhui III' 6-max Seat #5 is the button
Seat 1: radu10101 ($74.74 in chips) 
Seat 2: blistein ($100 in chips) 
Seat 3: mr.Jckpot ($100 in chips) 
Seat 4: BGS013 ($113.16 in chips) 
Seat 5: RAidakCo ($204.03 in chips) 
Seat 6: Unipoker11 ($100.50 in chips) 
Unipoker11: posts small blind $0.50
radu10101: posts big blind $1
*** HOLE CARDS ***
blistein: folds 
mr.Jckpot: folds 
BGS013: folds 
RAidakCo: folds 
Unipoker11: raises $2 to $3
radu10101: calls $2
*** FLOP *** [Tc 4c 3d]
Unipoker11: bets $1.43
radu10101: calls $1.43
*** TURN *** [Tc 4c 3d] [9h]
Unipoker11: checks 
radu10101: checks 
*** RIVER *** [Tc 4c 3d 9h] [2h]
Unipoker11: checks 
radu10101: bets $3
Unipoker11: raises $10.81 to $13.81
radu10101: folds 
Uncalled bet ($10.81) returned to Unipoker11
Unipoker11 collected $14.12 from pot
Unipoker11: doesn't show hand 
*** SUMMARY ***
Total pot $14.86 | Rake $0.74 
Board [Tc 4c 3d 9h 2h]
Seat 1: radu10101 (big blind) folded on the River
Seat 2: blistein folded before Flop (didn't bet)
Seat 3: mr.Jckpot folded before Flop (didn't bet)
Seat 4: BGS013 folded before Flop (didn't bet)
Seat 5: RAidakCo (button) folded before Flop (didn't bet)
Seat 6: Unipoker11 (small blind) collected ($14.12)



PokerStars Hand #254484803076:  Hold'em No Limit ($0.50/$1.00 USD) - 2025/01/21 15:46:23 WET [2025/01/21 10:46:23 ET]
Table 'Anhui III' 6-max Seat #5 is the button
Seat 1: radu10101 ($59.72 in chips) 
Seat 2: blistein ($100 in chips) 
Seat 3: mr.Jckpot ($100 in chips) 
Seat 4: BGS013 ($122.47 in chips) 
Seat 5: RAidakCo ($202.53 in chips) 
Seat 6: Unipoker11 ($109.19 in chips) 
Unipoker11: posts small blind $0.50
radu10101: posts big blind $1
*** HOLE CARDS ***
blistein: folds 
mr.Jckpot: folds 
BGS013: folds 
RAidakCo: raises $1.50 to $2.50
Unipoker11: folds 
radu10101: folds 
Uncalled bet ($1.50) returned to RAidakCo
RAidakCo collected $2.50 from pot
RAidakCo: doesn't show hand 
*** SUMMARY ***
Total pot $2.50 | Rake $0 
Seat 1: radu10101 (big blind) folded before Flop
Seat 2: blistein folded before Flop (didn't bet)
Seat 3: mr.Jckpot folded before Flop (didn't bet)
Seat 4: BGS013 folded before Flop (didn't bet)
Seat 5: RAidakCo (button) collected ($2.50)
Seat 6: Unipoker11 (small blind) folded before Flop



PokerStars Hand #254484805460:  Hold'em No Limit ($0.50/$1.00 USD) - 2025/01/21 15:46:35 WET [2025/01/21 10:46:35 ET]
Table 'Anhui III' 6-max Seat #6 is the button
Seat 1: radu10101 ($58.72 in chips) 
Seat 2: blistein ($100 in chips) 
Seat 3: mr.Jckpot ($100 in chips) 
Seat 4: BGS013 ($122.47 in chips) 
Seat 5: RAidakCo ($204.03 in chips) 
Seat 6: Unipoker11 ($108.69 in chips) 
radu10101: posts small blind $0.50
blistein: posts big blind $1
*** HOLE CARDS ***
mr.Jckpot: folds 
BGS013: folds 
RAidakCo: raises $1.20 to $2.20
Unipoker11: calls $2.20
radu10101: folds 
blistein: folds 
*** FLOP *** [9c 5h 9d]
RAidakCo: checks 
Unipoker11: bets $1.85
RAidakCo: calls $1.85
*** TURN *** [9c 5h 9d] [Qs]
RAidakCo: checks 
Unipoker11: checks 
*** RIVER *** [9c 5h 9d Qs] [Qh]
RAidakCo: checks 
Unipoker11: bets $6.84
RAidakCo: calls $6.84
*** SHOW DOWN ***
Unipoker11: shows [9h Th] (a full house, Nines full of Queens)
RAidakCo: mucks hand 
Unipoker11 collected $22.12 from pot
*** SUMMARY ***
Total pot $23.28 | Rake $1.16 
Board [9c 5h 9d Qs Qh]
Seat 1: radu10101 (small blind) folded before Flop
Seat 2: blistein (big blind) folded before Flop
Seat 3: mr.Jckpot folded before Flop (didn't bet)
Seat 4: BGS013 folded before Flop (didn't bet)
Seat 5: RAidakCo mucked
Seat 6: Unipoker11 (button) showed [9h Th] and won ($22.12) with a full house, Nines full of Queens



PokerStars Hand #254484818927:  Hold'em No Limit ($0.50/$1.00 USD) - 2025/01/21 15:47:37 WET [2025/01/21 10:47:37 ET]
Table 'Anhui III' 6-max Seat #1 is the button
Seat 1: radu10101 ($58.22 in chips) 
Seat 2: blistein ($100 in chips) 
Seat 3: mr.Jckpot ($100 in chips) 
Seat 4: BGS013 ($122.47 in chips) 
Seat 5: RAidakCo ($193.14 in chips) 
Seat 6: Unipoker11 ($119.92 in chips) 
blistein: posts small blind $0.50
mr.Jckpot: posts big blind $1
*** HOLE CARDS ***
BGS013: folds 
RAidakCo: raises $1.20 to $2.20
Unipoker11: folds 
radu10101: calls $2.20
blistein: folds 
mr.Jckpot: folds 
*** FLOP *** [Jh 8d 8h]
RAidakCo: bets $1.85
radu10101: calls $1.85
*** TURN *** [Jh 8d 8h] [Qs]
RAidakCo: bets $4.56
radu10101: folds 
Uncalled bet ($4.56) returned to RAidakCo
RAidakCo collected $9.12 from pot
RAidakCo: doesn't show hand 
*** SUMMARY ***
Total pot $9.60 | Rake $0.48 
Board [Jh 8d 8h Qs]
Seat 1: radu10101 (button) folded on the Turn
Seat 2: blistein (small blind) folded before Flop
Seat 3: mr.Jckpot (big blind) folded before Flop
Seat 4: BGS013 folded before Flop (didn't bet)
Seat 5: RAidakCo collected ($9.12)
Seat 6: Unipoker11 folded before Flop (didn't bet)



PokerStars Hand #254484826320:  Hold'em No Limit ($0.50/$1.00 USD) - 2025/01/21 15:48:11 WET [2025/01/21 10:48:11 ET]
Table 'Anhui III' 6-max Seat #2 is the button
Seat 1: radu10101 ($54.17 in chips) 
Seat 2: blistein ($100 in chips) 
Seat 3: mr.Jckpot ($100 in chips) 
Seat 4: BGS013 ($122.47 in chips) 
Seat 5: RAidakCo ($198.21 in chips) 
Seat 6: Unipoker11 ($119.92 in chips) 
mr.Jckpot: posts small blind $0.50
BGS013: posts big blind $1
*** HOLE CARDS ***
RAidakCo: folds 
Unipoker11: folds 
radu10101: calls $1
blistein: raises $2.50 to $3.50
mr.Jckpot: folds 
BGS013: folds 
radu10101: calls $2.50
*** FLOP *** [Jc 2d Ks]
radu10101: bets $2
blistein: calls $2
*** TURN *** [Jc 2d Ks] [Kc]
radu10101: bets $3
blistein: raises $7.50 to $10.50
radu10101: calls $7.50
*** RIVER *** [Jc 2d Ks Kc] [4s]
radu10101: checks 
blistein: bets $45.23
radu10101: folds 
Uncalled bet ($45.23) returned to blistein
blistein collected $31.82 from pot
blistein: doesn't show hand 
*** SUMMARY ***
Total pot $33.50 | Rake $1.68 
Board [Jc 2d Ks Kc 4s]
Seat 1: radu10101 folded on the River
Seat 2: blistein (button) collected ($31.82)
Seat 3: mr.Jckpot (small blind) folded before Flop
Seat 4: BGS013 (big blind) folded before Flop
Seat 5: RAidakCo folded before Flop (didn't bet)
Seat 6: Unipoker11 folded before Flop (didn't bet)



PokerStars Hand #254484840544:  Hold'em No Limit ($0.50/$1.00 USD) - 2025/01/21 15:49:19 WET [2025/01/21 10:49:19 ET]
Table 'Anhui III' 6-max Seat #3 is the button
Seat 1: radu10101 ($38.17 in chips) 
Seat 2: blistein ($115.82 in chips) 
Seat 3: mr.Jckpot ($100 in chips) 
Seat 4: BGS013 ($121.47 in chips) 
Seat 5: RAidakCo ($198.21 in chips) 
Seat 6: Unipoker11 ($119.92 in chips) 
BGS013: posts small blind $0.50
RAidakCo: posts big blind $1
*** HOLE CARDS ***
Unipoker11: folds 
radu10101: folds 
radu10101 leaves the table
blistein: folds 
fobot21 joins the table at seat #1 
mr.Jckpot: raises $1.50 to $2.50
BGS013: folds 
RAidakCo: folds 
Uncalled bet ($1.50) returned to mr.Jckpot
mr.Jckpot collected $2.50 from pot
mr.Jckpot: doesn't show hand 
*** SUMMARY ***
Total pot $2.50 | Rake $0 
Seat 1: radu10101 folded before Flop (didn't bet)
Seat 2: blistein folded before Flop (didn't bet)
Seat 3: mr.Jckpot (button) collected ($2.50)
Seat 4: BGS013 (small blind) folded before Flop
Seat 5: RAidakCo (big blind) folded before Flop
Seat 6: Unipoker11 folded before Flop (didn't bet)



PokerStars Hand #254484845501:  Hold'em No Limit ($0.50/$1.00 USD) - 2025/01/21 15:49:42 WET [2025/01/21 10:49:42 ET]
Table 'Anhui III' 6-max Seat #4 is the button
Seat 1: fobot21 ($100 in chips) is sitting out
Seat 2: blistein ($115.82 in chips) 
Seat 3: mr.Jckpot ($101.50 in chips) 
Seat 4: BGS013 ($120.97 in chips) 
Seat 5: RAidakCo ($197.21 in chips) 
Seat 6: Unipoker11 ($119.92 in chips) 
RAidakCo: posts small blind $0.50
Unipoker11: posts big blind $1
fobot21: sits out 
*** HOLE CARDS ***
blistein: folds 
mr.Jckpot: folds 
BGS013: raises $1.50 to $2.50
RAidakCo: folds 
Unipoker11: folds 
Uncalled bet ($1.50) returned to BGS013
BGS013 collected $2.50 from pot
BGS013: doesn't show hand 
*** SUMMARY ***
Total pot $2.50 | Rake $0 
Seat 1: fobot21
Seat 2: blistein folded before Flop (didn't bet)
Seat 3: mr.Jckpot folded before Flop (didn't bet)
Seat 4: BGS013 (button) collected ($2.50)
Seat 5: RAidakCo (small blind) folded before Flop
Seat 6: Unipoker11 (big blind) folded before Flop



PokerStars Hand #254484848493:  Hold'em No Limit ($0.50/$1.00 USD) - 2025/01/21 15:49:56 WET [2025/01/21 10:49:56 ET]
Table 'Anhui III' 6-max Seat #5 is the button
Seat 1: fobot21 ($100 in chips) 
Seat 2: blistein ($115.82 in chips) 
Seat 3: mr.Jckpot ($101.50 in chips) 
Seat 4: BGS013 ($122.47 in chips) 
Seat 5: RAidakCo ($196.71 in chips) 
Seat 6: Unipoker11 ($118.92 in chips) 
Unipoker11: posts small blind $0.50
fobot21: posts big blind $1
*** HOLE CARDS ***
blistein: folds 
blistein leaves the table
mr.Jckpot: folds 
BGS013: folds 
RAidakCo: raises $1.50 to $2.50
Unipoker11: folds 
fobot21: calls $1.50
*** FLOP *** [5s 6d 8h]
fobot21: checks 
RAidakCo: checks 
*** TURN *** [5s 6d 8h] [As]
fobot21: checks 
RAidakCo: checks 
*** RIVER *** [5s 6d 8h As] [3h]
fobot21: checks 
RAidakCo: bets $3.92
fobot21: folds 
Uncalled bet ($3.92) returned to RAidakCo
RAidakCo collected $5.22 from pot
RAidakCo: doesn't show hand 
*** SUMMARY ***
Total pot $5.50 | Rake $0.28 
Board [5s 6d 8h As 3h]
Seat 1: fobot21 (big blind) folded on the River
Seat 2: blistein folded before Flop (didn't bet)
Seat 3: mr.Jckpot folded before Flop (didn't bet)
Seat 4: BGS013 folded before Flop (didn't bet)
Seat 5: RAidakCo (button) collected ($5.22)
Seat 6: Unipoker11 (small blind) folded before Flop



PokerStars Hand #254484861228:  Hold'em No Limit ($0.50/$1.00 USD) - 2025/01/21 15:50:56 WET [2025/01/21 10:50:56 ET]
Table 'Anhui III' 6-max Seat #6 is the button
Seat 3: mr.Jckpot ($101.50 in chips) is sitting out
Seat 4: BGS013 ($122.47 in chips) is sitting out
Seat 1: fobot21 ($100 in chips) 
Seat 5: RAidakCo ($199.43 in chips) 
Seat 6: Unipoker11 ($118.42 in chips) 
fobot21: posts small blind $0.50
mr.Jckpot: is sitting out 
BGS013: is sitting out 
RAidakCo: posts big blind $1
*** HOLE CARDS ***
Unipoker11: folds 
mr.Jckpot leaves the table
fobot21: folds 
Uncalled bet ($0.50) returned to RAidakCo
Unipoker11 leaves the table
RAidakCo collected $1 from pot
RAidakCo: doesn't show hand 
BGS013 leaves the table
*** SUMMARY ***
Total pot $1 | Rake $0 
Seat 3: mr.Jckpot
Seat 4: BGS013
Seat 1: fobot21 (small blind) folded before Flop
Seat 5: RAidakCo (big blind) collected ($1)
Seat 6: Unipoker11 (button) folded before Flop (didn't bet)



PokerStars Hand #254484863003:  Hold'em No Limit ($0.50/$1.00 USD) - 2025/01/21 15:51:04 WET [2025/01/21 10:51:04 ET]
Table 'Anhui III' 6-max Seat #5 is the button
Seat 1: fobot21 ($100 in chips) 
Seat 5: RAidakCo ($199.93 in chips) 
RAidakCo: posts small blind $0.50
fobot21: posts big blind $1
*** HOLE CARDS ***
RAidakCo: raises $1.50 to $2.50
fobot21: folds 
Uncalled bet ($1.50) returned to RAidakCo
RAidakCo collected $2 from pot
RAidakCo: doesn't show hand 
*** SUMMARY ***
Total pot $2 | Rake $0 
Seat 1: fobot21 (big blind) folded before Flop
Seat 5: RAidakCo (button) (small blind) collected ($2)



PokerStars Hand #254484864578:  Hold'em No Limit ($0.50/$1.00 USD) - 2025/01/21 15:51:12 WET [2025/01/21 10:51:12 ET]
Table 'Anhui III' 6-max Seat #1 is the button
Seat 1: fobot21 ($100 in chips) 
Seat 5: RAidakCo ($200.93 in chips) 
fobot21: posts small blind $0.50
RAidakCo: posts big blind $1
*** HOLE CARDS ***
fobot21: folds 
Uncalled bet ($0.50) returned to RAidakCo
RAidakCo collected $1 from pot
RAidakCo: doesn't show hand 
*** SUMMARY ***
Total pot $1 | Rake $0 
Seat 1: fobot21 (button) (small blind) folded before Flop
Seat 5: RAidakCo (big blind) collected ($1)



