PokerStars Hand #254488370777:  Hold'em No Limit ($0.50/$1.00 USD) - 2025/01/21 19:41:43 WET [2025/01/21 14:41:43 ET]
Table 'Appella IV' 6-max Seat #2 is the button
Seat 3: xcinaz ($100 in chips) is sitting out
Seat 1: Supermegopro ($138.50 in chips) 
Seat 2: whlzor ($100 in chips) 
Seat 4: Naskaj ($48.17 in chips) 
Seat 5: z00mba ($158.20 in chips) 
Seat 6: Joe_Li7 ($102.50 in chips) 
Naskaj: posts small blind $0.50
z00mba: posts big blind $1
*** HOLE CARDS ***
Joe_Li7: folds 
Supermegopro: raises $1.50 to $2.50
whlzor: folds 
Naskaj: folds 
z00mba: folds 
Uncalled bet ($1.50) returned to Supermegopro
Supermegopro collected $2.50 from pot
Supermegopro: doesn't show hand 
*** SUMMARY ***
Total pot $2.50 | Rake $0 
Seat 3: xcinaz
Seat 1: Supermegopro collected ($2.50)
Seat 2: whlzor (button) folded before Flop (didn't bet)
Seat 4: Naskaj (small blind) folded before Flop
Seat 5: z00mba (big blind) folded before Flop
Seat 6: Joe_Li7 folded before Flop (didn't bet)



PokerStars Hand #254488377935:  Hold'em No Limit ($0.50/$1.00 USD) - 2025/01/21 19:42:07 WET [2025/01/21 14:42:07 ET]
Table 'Appella IV' 6-max Seat #4 is the button
Seat 3: xcinaz ($100 in chips) is sitting out
Seat 1: Supermegopro ($140 in chips) 
Seat 2: whlzor ($100 in chips) 
Seat 4: Naskaj ($47.67 in chips) 
Seat 5: z00mba ($157.20 in chips) 
Seat 6: Joe_Li7 ($102.50 in chips) 
z00mba: posts small blind $0.50
Joe_Li7: posts big blind $1
xcinaz: sits out 
*** HOLE CARDS ***
Supermegopro: folds 
whlzor: raises $2 to $3
Naskaj: folds 
Supermegopro leaves the table
z00mba: folds 
Joe_Li7: folds 
Uncalled bet ($2) returned to whlzor
whlzor collected $2.50 from pot
whlzor: doesn't show hand 
*** SUMMARY ***
Total pot $2.50 | Rake $0 
Seat 3: xcinaz
Seat 1: Supermegopro folded before Flop (didn't bet)
Seat 2: whlzor collected ($2.50)
Seat 4: Naskaj (button) folded before Flop (didn't bet)
Seat 5: z00mba (small blind) folded before Flop
Seat 6: Joe_Li7 (big blind) folded before Flop



PokerStars Hand #254488383084:  Hold'em No Limit ($0.50/$1.00 USD) - 2025/01/21 19:42:24 WET [2025/01/21 14:42:24 ET]
Table 'Appella IV' 6-max Seat #5 is the button
Seat 3: xcinaz ($100 in chips) is sitting out
Seat 2: whlzor ($101.50 in chips) 
Seat 4: Naskaj ($47.67 in chips) 
Seat 5: z00mba ($156.70 in chips) 
Seat 6: Joe_Li7 ($101.50 in chips) 
Joe_Li7: posts small blind $0.50
whlzor: posts big blind $1
xcinaz: sits out 
*** HOLE CARDS ***
Naskaj: folds 
z00mba: raises $1.50 to $2.50
pr0tecto joins the table at seat #1 
Joe_Li7: raises $8 to $10.50
whlzor: folds 
z00mba: folds 
Uncalled bet ($8) returned to Joe_Li7
Joe_Li7 collected $6 from pot
*** SUMMARY ***
Total pot $6 | Rake $0 
Seat 3: xcinaz
Seat 2: whlzor (big blind) folded before Flop
Seat 4: Naskaj folded before Flop (didn't bet)
Seat 5: z00mba (button) folded before Flop
Seat 6: Joe_Li7 (small blind) collected ($6)



PokerStars Hand #254488389374:  Hold'em No Limit ($0.50/$1.00 USD) - 2025/01/21 19:42:45 WET [2025/01/21 14:42:45 ET]
Table 'Appella IV' 6-max Seat #6 is the button
Seat 1: pr0tecto ($100 in chips) is sitting out
Seat 2: whlzor ($100.50 in chips) 
Seat 3: xcinaz ($100 in chips) 
Seat 4: Naskaj ($47.67 in chips) 
Seat 5: z00mba ($154.20 in chips) 
Seat 6: Joe_Li7 ($105 in chips) 
whlzor: posts small blind $0.50
xcinaz: posts big blind $1
*** HOLE CARDS ***
Naskaj: folds 
z00mba: raises $1.50 to $2.50
Joe_Li7: folds 
whlzor: folds 
xcinaz: calls $1.50
*** FLOP *** [3s 5h 9c]
xcinaz: checks 
z00mba: bets $3
xcinaz: calls $3
*** TURN *** [3s 5h 9c] [Ad]
xcinaz: checks 
z00mba: checks 
*** RIVER *** [3s 5h 9c Ad] [6c]
xcinaz: checks 
z00mba: checks 
*** SHOW DOWN ***
xcinaz: shows [8c 8s] (a pair of Eights)
z00mba: shows [7s 9s] (a pair of Nines)
z00mba collected $10.92 from pot
*** SUMMARY ***
Total pot $11.50 | Rake $0.58 
Board [3s 5h 9c Ad 6c]
Seat 1: pr0tecto
Seat 2: whlzor (small blind) folded before Flop
Seat 3: xcinaz (big blind) showed [8c 8s] and lost with a pair of Eights
Seat 4: Naskaj folded before Flop (didn't bet)
Seat 5: z00mba showed [7s 9s] and won ($10.92) with a pair of Nines
Seat 6: Joe_Li7 (button) folded before Flop (didn't bet)



PokerStars Hand #254488403233:  Hold'em No Limit ($0.50/$1.00 USD) - 2025/01/21 19:43:31 WET [2025/01/21 14:43:31 ET]
Table 'Appella IV' 6-max Seat #2 is the button
Seat 1: pr0tecto ($100 in chips) is sitting out
Seat 2: whlzor ($100 in chips) 
Seat 3: xcinaz ($100 in chips) 
Seat 4: Naskaj ($47.67 in chips) 
Seat 5: z00mba ($159.62 in chips) 
Seat 6: Joe_Li7 ($105 in chips) 
xcinaz: posts small blind $0.50
Naskaj: posts big blind $1
pr0tecto: sits out 
*** HOLE CARDS ***
z00mba: raises $1.50 to $2.50
Joe_Li7: folds 
whlzor: folds 
xcinaz: folds 
Naskaj: calls $1.50
*** FLOP *** [Jd 9s 2c]
Naskaj: checks 
z00mba: checks 
*** TURN *** [Jd 9s 2c] [Jh]
Naskaj: bets $2.61
z00mba: calls $2.61
*** RIVER *** [Jd 9s 2c Jh] [7c]
Naskaj: bets $5.09
z00mba: folds 
Uncalled bet ($5.09) returned to Naskaj
Naskaj collected $10.18 from pot
*** SUMMARY ***
Total pot $10.72 | Rake $0.54 
Board [Jd 9s 2c Jh 7c]
Seat 1: pr0tecto
Seat 2: whlzor (button) folded before Flop (didn't bet)
Seat 3: xcinaz (small blind) folded before Flop
Seat 4: Naskaj (big blind) collected ($10.18)
Seat 5: z00mba folded on the River
Seat 6: Joe_Li7 folded before Flop (didn't bet)



PokerStars Hand #254488415922:  Hold'em No Limit ($0.50/$1.00 USD) - 2025/01/21 19:44:13 WET [2025/01/21 14:44:13 ET]
Table 'Appella IV' 6-max Seat #3 is the button
Seat 1: pr0tecto ($100 in chips) is sitting out
Seat 2: whlzor ($100 in chips) 
Seat 3: xcinaz ($100 in chips) 
Seat 4: Naskaj ($52.74 in chips) 
Seat 5: z00mba ($154.51 in chips) 
Seat 6: Joe_Li7 ($105 in chips) 
Naskaj: posts small blind $0.50
z00mba: posts big blind $1
pr0tecto: sits out 
*** HOLE CARDS ***
Joe_Li7: folds 
whlzor: raises $1 to $2
xcinaz: folds 
Naskaj: calls $1.50
z00mba: calls $1
*** FLOP *** [7d Jc Th]
Naskaj: checks 
z00mba: checks 
whlzor: checks 
*** TURN *** [7d Jc Th] [Qd]
Naskaj: bets $2.85
z00mba: raises $6.15 to $9
whlzor: folds 
Naskaj: calls $6.15
*** RIVER *** [7d Jc Th Qd] [9h]
Naskaj: checks 
z00mba: checks 
*** SHOW DOWN ***
Naskaj: shows [Js Kh] (a straight, Nine to King)
z00mba: mucks hand 
Naskaj collected $22.80 from pot
*** SUMMARY ***
Total pot $24 | Rake $1.20 
Board [7d Jc Th Qd 9h]
Seat 1: pr0tecto
Seat 2: whlzor folded on the Turn
Seat 3: xcinaz (button) folded before Flop (didn't bet)
Seat 4: Naskaj (small blind) showed [Js Kh] and won ($22.80) with a straight, Nine to King
Seat 5: z00mba (big blind) mucked
Seat 6: Joe_Li7 folded before Flop (didn't bet)



PokerStars Hand #254488429571:  Hold'em No Limit ($0.50/$1.00 USD) - 2025/01/21 19:44:57 WET [2025/01/21 14:44:57 ET]
Table 'Appella IV' 6-max Seat #4 is the button
Seat 1: pr0tecto ($100 in chips) is sitting out
Seat 2: whlzor ($100 in chips) 
Seat 3: xcinaz ($100 in chips) 
Seat 4: Naskaj ($64.54 in chips) 
Seat 5: z00mba ($143.51 in chips) 
Seat 6: Joe_Li7 ($105 in chips) 
z00mba: posts small blind $0.50
Joe_Li7: posts big blind $1
pr0tecto: sits out 
*** HOLE CARDS ***
whlzor: raises $1.50 to $2.50
xcinaz: folds 
Naskaj: folds 
z00mba: folds 
Joe_Li7: folds 
Uncalled bet ($1.50) returned to whlzor
whlzor collected $2.50 from pot
whlzor: doesn't show hand 
*** SUMMARY ***
Total pot $2.50 | Rake $0 
Seat 1: pr0tecto
Seat 2: whlzor collected ($2.50)
Seat 3: xcinaz folded before Flop (didn't bet)
Seat 4: Naskaj (button) folded before Flop (didn't bet)
Seat 5: z00mba (small blind) folded before Flop
Seat 6: Joe_Li7 (big blind) folded before Flop



PokerStars Hand #254488433742:  Hold'em No Limit ($0.50/$1.00 USD) - 2025/01/21 19:45:10 WET [2025/01/21 14:45:10 ET]
Table 'Appella IV' 6-max Seat #5 is the button
Seat 1: pr0tecto ($100 in chips) 
Seat 2: whlzor ($101.50 in chips) 
Seat 3: xcinaz ($100 in chips) 
Seat 4: Naskaj ($64.54 in chips) 
Seat 5: z00mba ($143.01 in chips) 
Seat 6: Joe_Li7 ($104 in chips) 
Joe_Li7: posts small blind $0.50
pr0tecto: posts big blind $1
*** HOLE CARDS ***
whlzor: folds 
xcinaz: folds 
Naskaj: calls $1
z00mba: raises $2.50 to $3.50
Joe_Li7: folds 
pr0tecto: folds 
Naskaj: calls $2.50
*** FLOP *** [3s 5c Jc]
Naskaj: checks 
z00mba: bets $3.96
Naskaj: folds 
Uncalled bet ($3.96) returned to z00mba
z00mba collected $8.08 from pot
z00mba: doesn't show hand 
*** SUMMARY ***
Total pot $8.50 | Rake $0.42 
Board [3s 5c Jc]
Seat 1: pr0tecto (big blind) folded before Flop
Seat 2: whlzor folded before Flop (didn't bet)
Seat 3: xcinaz folded before Flop (didn't bet)
Seat 4: Naskaj folded on the Flop
Seat 5: z00mba (button) collected ($8.08)
Seat 6: Joe_Li7 (small blind) folded before Flop



PokerStars Hand #254488444560:  Hold'em No Limit ($0.50/$1.00 USD) - 2025/01/21 19:45:45 WET [2025/01/21 14:45:45 ET]
Table 'Appella IV' 6-max Seat #6 is the button
Seat 2: whlzor ($101.50 in chips) is sitting out
Seat 1: pr0tecto ($99 in chips) 
Seat 3: xcinaz ($100 in chips) 
Seat 4: Naskaj ($61.04 in chips) 
Seat 5: z00mba ($147.59 in chips) 
Seat 6: Joe_Li7 ($103.50 in chips) 
pr0tecto: posts small blind $0.50
whlzor: is sitting out 
xcinaz: posts big blind $1
*** HOLE CARDS ***
Naskaj: folds 
whlzor leaves the table
z00mba: folds 
Joe_Li7: folds 
reiyser joins the table at seat #2 
pr0tecto: raises $1.24 to $2.24
xcinaz: folds 
Uncalled bet ($1.24) returned to pr0tecto
pr0tecto collected $2 from pot
pr0tecto: doesn't show hand 
*** SUMMARY ***
Total pot $2 | Rake $0 
Seat 2: whlzor
Seat 1: pr0tecto (small blind) collected ($2)
Seat 3: xcinaz (big blind) folded before Flop
Seat 4: Naskaj folded before Flop (didn't bet)
Seat 5: z00mba folded before Flop (didn't bet)
Seat 6: Joe_Li7 (button) folded before Flop (didn't bet)



PokerStars Hand #254488451705:  Hold'em No Limit ($0.50/$1.00 USD) - 2025/01/21 19:46:08 WET [2025/01/21 14:46:08 ET]
Table 'Appella IV' 6-max Seat #1 is the button
Seat 2: reiyser ($100 in chips) is sitting out
Seat 1: pr0tecto ($100 in chips) 
Seat 3: xcinaz ($100 in chips) 
Seat 4: Naskaj ($61.04 in chips) 
Seat 5: z00mba ($147.59 in chips) 
Seat 6: Joe_Li7 ($103.50 in chips) 
xcinaz: posts small blind $0.50
Naskaj: posts big blind $1
*** HOLE CARDS ***
z00mba: folds 
Joe_Li7: folds 
pr0tecto: folds 
xcinaz: raises $2 to $3
Naskaj: calls $2
*** FLOP *** [6h Jc Kh]
xcinaz: checks 
Naskaj: checks 
*** TURN *** [6h Jc Kh] [5c]
xcinaz: checks 
Naskaj: bets $2.85
xcinaz: calls $2.85
*** RIVER *** [6h Jc Kh 5c] [Ad]
xcinaz: checks 
Naskaj: bets $8.12
xcinaz: calls $8.12
*** SHOW DOWN ***
Naskaj: shows [Jh Kd] (two pair, Kings and Jacks)
xcinaz: mucks hand 
Naskaj collected $26.54 from pot
*** SUMMARY ***
Total pot $27.94 | Rake $1.40 
Board [6h Jc Kh 5c Ad]
Seat 2: reiyser
Seat 1: pr0tecto (button) folded before Flop (didn't bet)
Seat 3: xcinaz (small blind) mucked
Seat 4: Naskaj (big blind) showed [Jh Kd] and won ($26.54) with two pair, Kings and Jacks
Seat 5: z00mba folded before Flop (didn't bet)
Seat 6: Joe_Li7 folded before Flop (didn't bet)



PokerStars Hand #254488468029:  Hold'em No Limit ($0.50/$1.00 USD) - 2025/01/21 19:47:01 WET [2025/01/21 14:47:01 ET]
Table 'Appella IV' 6-max Seat #3 is the button
Seat 2: reiyser ($100 in chips) is sitting out
Seat 5: z00mba ($147.59 in chips) is sitting out
Seat 1: pr0tecto ($100 in chips) 
Seat 3: xcinaz ($100 in chips) 
Seat 4: Naskaj ($73.61 in chips) 
Seat 6: Joe_Li7 ($103.50 in chips) 
Naskaj: posts small blind $0.50
z00mba: is sitting out 
Joe_Li7: posts big blind $1
reiyser: sits out 
*** HOLE CARDS ***
pr0tecto: raises $1.20 to $2.20
xcinaz: folds 
Naskaj: folds 
Joe_Li7: folds 
Uncalled bet ($1.20) returned to pr0tecto
pr0tecto collected $2.50 from pot
pr0tecto: doesn't show hand 
*** SUMMARY ***
Total pot $2.50 | Rake $0 
Seat 2: reiyser
Seat 5: z00mba
Seat 1: pr0tecto collected ($2.50)
Seat 3: xcinaz (button) folded before Flop (didn't bet)
Seat 4: Naskaj (small blind) folded before Flop
Seat 6: Joe_Li7 (big blind) folded before Flop



PokerStars Hand #254488471997:  Hold'em No Limit ($0.50/$1.00 USD) - 2025/01/21 19:47:15 WET [2025/01/21 14:47:15 ET]
Table 'Appella IV' 6-max Seat #4 is the button
Seat 1: pr0tecto ($101.50 in chips) is sitting out
Seat 2: reiyser ($100 in chips) 
Seat 3: xcinaz ($100 in chips) 
Seat 4: Naskaj ($73.11 in chips) 
Seat 6: Joe_Li7 ($102.50 in chips) 
Joe_Li7: posts small blind $0.50
pr0tecto: is sitting out 
z00mba leaves the table
reiyser: posts big blind $1
*** HOLE CARDS ***
pr0tecto leaves the table
xcinaz: raises $1.20 to $2.20
sta$igk joins the table at seat #5 
Naskaj: calls $2.20
Joe_Li7: folds 
reiyser: calls $1.20
*** FLOP *** [As 8s 6s]
reiyser: checks 
xcinaz: checks 
Naskaj: checks 
*** TURN *** [As 8s 6s] [Ts]
reiyser: checks 
xcinaz: checks 
Naskaj: checks 
*** RIVER *** [As 8s 6s Ts] [4c]
reiyser: bets $3.50
xcinaz: folds 
Naskaj: folds 
Uncalled bet ($3.50) returned to reiyser
reiyser collected $6.74 from pot
reiyser: doesn't show hand 
sltn joins the table at seat #1 
*** SUMMARY ***
Total pot $7.10 | Rake $0.36 
Board [As 8s 6s Ts 4c]
Seat 1: pr0tecto
Seat 2: reiyser (big blind) collected ($6.74)
Seat 3: xcinaz folded on the River
Seat 4: Naskaj (button) folded on the River
Seat 6: Joe_Li7 (small blind) folded before Flop



PokerStars Hand #254488487853:  Hold'em No Limit ($0.50/$1.00 USD) - 2025/01/21 19:48:06 WET [2025/01/21 14:48:06 ET]
Table 'Appella IV' 6-max Seat #6 is the button
Seat 1: sltn ($100 in chips) is sitting out
Seat 5: sta$igk ($100 in chips) is sitting out
Seat 2: reiyser ($104.54 in chips) 
Seat 3: xcinaz ($100 in chips) 
Seat 4: Naskaj ($70.91 in chips) 
Seat 6: Joe_Li7 ($102 in chips) 
reiyser: posts small blind $0.50
xcinaz: posts big blind $1
sta$igk: sits out 
*** HOLE CARDS ***
Naskaj: folds 
Joe_Li7: folds 
reiyser: folds 
Uncalled bet ($0.50) returned to xcinaz
xcinaz collected $1 from pot
xcinaz: doesn't show hand 
*** SUMMARY ***
Total pot $1 | Rake $0 
Seat 1: sltn
Seat 5: sta$igk
Seat 2: reiyser (small blind) folded before Flop
Seat 3: xcinaz (big blind) collected ($1)
Seat 4: Naskaj folded before Flop (didn't bet)
Seat 6: Joe_Li7 (button) folded before Flop (didn't bet)



PokerStars Hand #254488490195:  Hold'em No Limit ($0.50/$1.00 USD) - 2025/01/21 19:48:14 WET [2025/01/21 14:48:14 ET]
Table 'Appella IV' 6-max Seat #2 is the button
Seat 1: sltn ($100 in chips) is sitting out
Seat 5: sta$igk ($100 in chips) is sitting out
Seat 2: reiyser ($104.04 in chips) 
Seat 3: xcinaz ($100.50 in chips) 
Seat 4: Naskaj ($70.91 in chips) 
Seat 6: Joe_Li7 ($102 in chips) 
xcinaz: posts small blind $0.50
Naskaj: posts big blind $1
sta$igk: sits out 
sltn: sits out 
*** HOLE CARDS ***
Joe_Li7: folds 
reiyser: raises $1.23 to $2.23
xcinaz: folds 
Naskaj: calls $1.23
*** FLOP *** [8d Jd 6d]
Naskaj: checks 
reiyser: bets $1.37
Naskaj: calls $1.37
*** TURN *** [8d Jd 6d] [2d]
Naskaj: bets $3.66
reiyser: raises $7.61 to $11.27
Naskaj: folds [Ts Qh]
Uncalled bet ($7.61) returned to reiyser
reiyser collected $14.27 from pot
reiyser: doesn't show hand 
*** SUMMARY ***
Total pot $15.02 | Rake $0.75 
Board [8d Jd 6d 2d]
Seat 1: sltn
Seat 5: sta$igk
Seat 2: reiyser (button) collected ($14.27)
Seat 3: xcinaz (small blind) folded before Flop
Seat 4: Naskaj (big blind) folded on the Turn
Seat 6: Joe_Li7 folded before Flop (didn't bet)



PokerStars Hand #254488503350:  Hold'em No Limit ($0.50/$1.00 USD) - 2025/01/21 19:48:57 WET [2025/01/21 14:48:57 ET]
Table 'Appella IV' 6-max Seat #3 is the button
Seat 1: sltn ($100 in chips) is sitting out
Seat 2: reiyser ($111.05 in chips) 
Seat 3: xcinaz ($100 in chips) 
Seat 4: Naskaj ($63.65 in chips) 
Seat 5: sta$igk ($100 in chips) 
Seat 6: Joe_Li7 ($102 in chips) 
Naskaj: posts small blind $0.50
sta$igk: posts big blind $1
sltn: sits out 
*** HOLE CARDS ***
Joe_Li7: folds 
reiyser: raises $1.23 to $2.23
xcinaz: raises $5.77 to $8
Naskaj: folds 
sta$igk: folds 
reiyser: folds 
Uncalled bet ($5.77) returned to xcinaz
xcinaz collected $5.96 from pot
xcinaz: doesn't show hand 
*** SUMMARY ***
Total pot $5.96 | Rake $0 
Seat 1: sltn
Seat 2: reiyser folded before Flop
Seat 3: xcinaz (button) collected ($5.96)
Seat 4: Naskaj (small blind) folded before Flop
Seat 5: sta$igk (big blind) folded before Flop
Seat 6: Joe_Li7 folded before Flop (didn't bet)



PokerStars Hand #254488512642:  Hold'em No Limit ($0.50/$1.00 USD) - 2025/01/21 19:49:28 WET [2025/01/21 14:49:28 ET]
Table 'Appella IV' 6-max Seat #4 is the button
Seat 1: sltn ($100 in chips) is sitting out
Seat 2: reiyser ($108.82 in chips) 
Seat 3: xcinaz ($103.73 in chips) 
Seat 4: Naskaj ($63.15 in chips) 
Seat 5: sta$igk ($100 in chips) 
Seat 6: Joe_Li7 ($102 in chips) 
sta$igk: posts small blind $0.50
Joe_Li7: posts big blind $1
sltn: sits out 
*** HOLE CARDS ***
reiyser: folds 
xcinaz: raises $1.20 to $2.20
Naskaj: folds 
sta$igk: folds 
Joe_Li7: folds 
Uncalled bet ($1.20) returned to xcinaz
xcinaz collected $2.50 from pot
xcinaz: doesn't show hand 
*** SUMMARY ***
Total pot $2.50 | Rake $0 
Seat 1: sltn
Seat 2: reiyser folded before Flop (didn't bet)
Seat 3: xcinaz collected ($2.50)
Seat 4: Naskaj (button) folded before Flop (didn't bet)
Seat 5: sta$igk (small blind) folded before Flop
Seat 6: Joe_Li7 (big blind) folded before Flop



PokerStars Hand #254488516211:  Hold'em No Limit ($0.50/$1.00 USD) - 2025/01/21 19:49:40 WET [2025/01/21 14:49:40 ET]
Table 'Appella IV' 6-max Seat #5 is the button
Seat 1: sltn ($100 in chips) 
Seat 2: reiyser ($108.82 in chips) 
Seat 3: xcinaz ($105.23 in chips) 
Seat 4: Naskaj ($63.15 in chips) 
Seat 5: sta$igk ($100 in chips) 
Seat 6: Joe_Li7 ($101 in chips) 
Joe_Li7: posts small blind $0.50
sltn: posts big blind $1
*** HOLE CARDS ***
reiyser: folds 
xcinaz: folds 
Naskaj: folds 
sta$igk: folds 
Joe_Li7: folds 
Uncalled bet ($0.50) returned to sltn
sltn collected $1 from pot
sltn: doesn't show hand 
*** SUMMARY ***
Total pot $1 | Rake $0 
Seat 1: sltn (big blind) collected ($1)
Seat 2: reiyser folded before Flop (didn't bet)
Seat 3: xcinaz folded before Flop (didn't bet)
Seat 4: Naskaj folded before Flop (didn't bet)
Seat 5: sta$igk (button) folded before Flop (didn't bet)
Seat 6: Joe_Li7 (small blind) folded before Flop



PokerStars Hand #254488519755:  Hold'em No Limit ($0.50/$1.00 USD) - 2025/01/21 19:49:52 WET [2025/01/21 14:49:52 ET]
Table 'Appella IV' 6-max Seat #6 is the button
Seat 1: sltn ($100.50 in chips) 
Seat 2: reiyser ($108.82 in chips) 
Seat 3: xcinaz ($105.23 in chips) 
Seat 4: Naskaj ($63.15 in chips) 
Seat 5: sta$igk ($100 in chips) 
Seat 6: Joe_Li7 ($100.50 in chips) 
sltn: posts small blind $0.50
reiyser: posts big blind $1
*** HOLE CARDS ***
xcinaz: folds 
Naskaj: folds 
sta$igk: folds 
Joe_Li7: folds 
sltn: folds 
Uncalled bet ($0.50) returned to reiyser
reiyser collected $1 from pot
reiyser: doesn't show hand 
*** SUMMARY ***
Total pot $1 | Rake $0 
Seat 1: sltn (small blind) folded before Flop
Seat 2: reiyser (big blind) collected ($1)
Seat 3: xcinaz folded before Flop (didn't bet)
Seat 4: Naskaj folded before Flop (didn't bet)
Seat 5: sta$igk folded before Flop (didn't bet)
Seat 6: Joe_Li7 (button) folded before Flop (didn't bet)



PokerStars Hand #254488523377:  Hold'em No Limit ($0.50/$1.00 USD) - 2025/01/21 19:50:04 WET [2025/01/21 14:50:04 ET]
Table 'Appella IV' 6-max Seat #1 is the button
Seat 1: sltn ($100 in chips) 
Seat 2: reiyser ($109.32 in chips) 
Seat 3: xcinaz ($105.23 in chips) 
Seat 4: Naskaj ($63.15 in chips) 
Seat 5: sta$igk ($100 in chips) 
Seat 6: Joe_Li7 ($100.50 in chips) 
reiyser: posts small blind $0.50
xcinaz: posts big blind $1
*** HOLE CARDS ***
Naskaj: folds 
sta$igk: folds 
Joe_Li7: raises $1.20 to $2.20
sltn: folds 
reiyser: folds 
xcinaz: folds 
Uncalled bet ($1.20) returned to Joe_Li7
Joe_Li7 collected $2.50 from pot
*** SUMMARY ***
Total pot $2.50 | Rake $0 
Seat 1: sltn (button) folded before Flop (didn't bet)
Seat 2: reiyser (small blind) folded before Flop
Seat 3: xcinaz (big blind) folded before Flop
Seat 4: Naskaj folded before Flop (didn't bet)
Seat 5: sta$igk folded before Flop (didn't bet)
Seat 6: Joe_Li7 collected ($2.50)



PokerStars Hand #254488529235:  Hold'em No Limit ($0.50/$1.00 USD) - 2025/01/21 19:50:23 WET [2025/01/21 14:50:23 ET]
Table 'Appella IV' 6-max Seat #2 is the button
Seat 1: sltn ($100 in chips) 
Seat 2: reiyser ($108.82 in chips) 
Seat 3: xcinaz ($104.23 in chips) 
Seat 4: Naskaj ($63.15 in chips) 
Seat 5: sta$igk ($100 in chips) 
Seat 6: Joe_Li7 ($102 in chips) 
xcinaz: posts small blind $0.50
Naskaj: posts big blind $1
*** HOLE CARDS ***
sta$igk: folds 
Joe_Li7: raises $1.20 to $2.20
sltn: folds 
reiyser: folds 
xcinaz: folds 
Naskaj: calls $1.20
*** FLOP *** [6d 3c 6h]
Naskaj: checks 
Joe_Li7: bets $1.54
Naskaj: calls $1.54
*** TURN *** [6d 3c 6h] [4d]
Naskaj: checks 
Joe_Li7: checks 
*** RIVER *** [6d 3c 6h 4d] [As]
Naskaj: checks 
Joe_Li7: checks 
*** SHOW DOWN ***
Naskaj: shows [Ks Qh] (a pair of Sixes)
Joe_Li7: mucks hand 
Naskaj collected $7.58 from pot
*** SUMMARY ***
Total pot $7.98 | Rake $0.40 
Board [6d 3c 6h 4d As]
Seat 1: sltn folded before Flop (didn't bet)
Seat 2: reiyser (button) folded before Flop (didn't bet)
Seat 3: xcinaz (small blind) folded before Flop
Seat 4: Naskaj (big blind) showed [Ks Qh] and won ($7.58) with a pair of Sixes
Seat 5: sta$igk folded before Flop (didn't bet)
Seat 6: Joe_Li7 mucked



PokerStars Hand #254488542602:  Hold'em No Limit ($0.50/$1.00 USD) - 2025/01/21 19:51:07 WET [2025/01/21 14:51:07 ET]
Table 'Appella IV' 6-max Seat #3 is the button
Seat 1: sltn ($100 in chips) 
Seat 2: reiyser ($108.82 in chips) 
Seat 3: xcinaz ($103.73 in chips) 
Seat 4: Naskaj ($66.99 in chips) 
Seat 5: sta$igk ($100 in chips) 
Seat 6: Joe_Li7 ($100 in chips) 
Naskaj: posts small blind $0.50
sta$igk: posts big blind $1
*** HOLE CARDS ***
Joe_Li7: folds 
sltn: folds 
reiyser: folds 
xcinaz: folds 
Naskaj: calls $0.50
sta$igk: checks 
*** FLOP *** [2d 5c 6c]
Naskaj: bets $2
sta$igk: calls $2
*** TURN *** [2d 5c 6c] [7h]
Naskaj: bets $1.85
sta$igk: raises $5.65 to $7.50
Naskaj: calls $5.65
*** RIVER *** [2d 5c 6c 7h] [Ac]
Naskaj: checks 
sta$igk: checks 
*** SHOW DOWN ***
Naskaj: shows [5d As] (two pair, Aces and Fives)
sta$igk: mucks hand 
Naskaj collected $19.95 from pot
*** SUMMARY ***
Total pot $21 | Rake $1.05 
Board [2d 5c 6c 7h Ac]
Seat 1: sltn folded before Flop (didn't bet)
Seat 2: reiyser folded before Flop (didn't bet)
Seat 3: xcinaz (button) folded before Flop (didn't bet)
Seat 4: Naskaj (small blind) showed [5d As] and won ($19.95) with two pair, Aces and Fives
Seat 5: sta$igk (big blind) mucked
Seat 6: Joe_Li7 folded before Flop (didn't bet)



PokerStars Hand #254488557061:  Hold'em No Limit ($0.50/$1.00 USD) - 2025/01/21 19:51:55 WET [2025/01/21 14:51:55 ET]
Table 'Appella IV' 6-max Seat #4 is the button
Seat 1: sltn ($100 in chips) 
Seat 2: reiyser ($108.82 in chips) 
Seat 3: xcinaz ($103.73 in chips) 
Seat 4: Naskaj ($76.44 in chips) 
Seat 5: sta$igk ($100 in chips) 
Seat 6: Joe_Li7 ($100 in chips) 
sta$igk: posts small blind $0.50
Joe_Li7: posts big blind $1
*** HOLE CARDS ***
sltn: folds 
reiyser: folds 
xcinaz: folds 
Naskaj: folds 
sta$igk: folds 
Uncalled bet ($0.50) returned to Joe_Li7
Joe_Li7 collected $1 from pot
*** SUMMARY ***
Total pot $1 | Rake $0 
Seat 1: sltn folded before Flop (didn't bet)
Seat 2: reiyser folded before Flop (didn't bet)
Seat 3: xcinaz folded before Flop (didn't bet)
Seat 4: Naskaj (button) folded before Flop (didn't bet)
Seat 5: sta$igk (small blind) folded before Flop
Seat 6: Joe_Li7 (big blind) collected ($1)



PokerStars Hand #254488559789:  Hold'em No Limit ($0.50/$1.00 USD) - 2025/01/21 19:52:04 WET [2025/01/21 14:52:04 ET]
Table 'Appella IV' 6-max Seat #5 is the button
Seat 1: sltn ($100 in chips) 
Seat 2: reiyser ($108.82 in chips) 
Seat 3: xcinaz ($103.73 in chips) 
Seat 4: Naskaj ($76.44 in chips) 
Seat 5: sta$igk ($100 in chips) 
Seat 6: Joe_Li7 ($100.50 in chips) 
Joe_Li7: posts small blind $0.50
sltn: posts big blind $1
*** HOLE CARDS ***
reiyser: folds 
xcinaz: folds 
Naskaj: raises $1 to $2
sta$igk: folds 
Joe_Li7: folds 
sltn: folds 
Uncalled bet ($1) returned to Naskaj
Naskaj collected $2.50 from pot
*** SUMMARY ***
Total pot $2.50 | Rake $0 
Seat 1: sltn (big blind) folded before Flop
Seat 2: reiyser folded before Flop (didn't bet)
Seat 3: xcinaz folded before Flop (didn't bet)
Seat 4: Naskaj collected ($2.50)
Seat 5: sta$igk (button) folded before Flop (didn't bet)
Seat 6: Joe_Li7 (small blind) folded before Flop



PokerStars Hand #254488563724:  Hold'em No Limit ($0.50/$1.00 USD) - 2025/01/21 19:52:17 WET [2025/01/21 14:52:17 ET]
Table 'Appella IV' 6-max Seat #6 is the button
Seat 1: sltn ($100 in chips) 
Seat 2: reiyser ($108.82 in chips) 
Seat 3: xcinaz ($103.73 in chips) 
Seat 4: Naskaj ($77.94 in chips) 
Seat 5: sta$igk ($100 in chips) 
Seat 6: Joe_Li7 ($100 in chips) 
sltn: posts small blind $0.50
reiyser: posts big blind $1
*** HOLE CARDS ***
xcinaz: raises $1 to $2
Naskaj: folds 
sta$igk: folds 
Joe_Li7: folds 
sltn: folds 
reiyser: folds 
Uncalled bet ($1) returned to xcinaz
xcinaz collected $2.50 from pot
xcinaz: doesn't show hand 
*** SUMMARY ***
Total pot $2.50 | Rake $0 
Seat 1: sltn (small blind) folded before Flop
Seat 2: reiyser (big blind) folded before Flop
Seat 3: xcinaz collected ($2.50)
Seat 4: Naskaj folded before Flop (didn't bet)
Seat 5: sta$igk folded before Flop (didn't bet)
Seat 6: Joe_Li7 (button) folded before Flop (didn't bet)



PokerStars Hand #254488567542:  Hold'em No Limit ($0.50/$1.00 USD) - 2025/01/21 19:52:29 WET [2025/01/21 14:52:29 ET]
Table 'Appella IV' 6-max Seat #1 is the button
Seat 1: sltn ($100 in chips) 
Seat 2: reiyser ($107.82 in chips) 
Seat 3: xcinaz ($105.23 in chips) 
Seat 4: Naskaj ($77.94 in chips) 
Seat 5: sta$igk ($100 in chips) 
Seat 6: Joe_Li7 ($100 in chips) 
reiyser: posts small blind $0.50
xcinaz: posts big blind $1
*** HOLE CARDS ***
Naskaj: raises $1 to $2
sta$igk: raises $5 to $7
Joe_Li7: folds 
sltn: folds 
reiyser: folds 
xcinaz: folds 
Naskaj: calls $5
*** FLOP *** [3s 7d 4c]
Naskaj: checks 
sta$igk: bets $9.86
Naskaj: calls $9.86
*** TURN *** [3s 7d 4c] [Ks]
Naskaj: checks 
sta$igk: bets $13.38
Naskaj: raises $13.38 to $26.76
sta$igk: folds 
Uncalled bet ($13.38) returned to Naskaj
Naskaj collected $59.48 from pot
*** SUMMARY ***
Total pot $61.98 | Rake $2.50 
Board [3s 7d 4c Ks]
Seat 1: sltn (button) folded before Flop (didn't bet)
Seat 2: reiyser (small blind) folded before Flop
Seat 3: xcinaz (big blind) folded before Flop
Seat 4: Naskaj collected ($59.48)
Seat 5: sta$igk folded on the Turn
Seat 6: Joe_Li7 folded before Flop (didn't bet)



PokerStars Hand #254488592866:  Hold'em No Limit ($0.50/$1.00 USD) - 2025/01/21 19:53:53 WET [2025/01/21 14:53:53 ET]
Table 'Appella IV' 6-max Seat #2 is the button
Seat 1: sltn ($100 in chips) 
Seat 2: reiyser ($107.32 in chips) 
Seat 3: xcinaz ($104.23 in chips) 
Seat 4: Naskaj ($107.18 in chips) 
Seat 5: sta$igk ($100 in chips) 
Seat 6: Joe_Li7 ($100 in chips) 
xcinaz: posts small blind $0.50
Naskaj: posts big blind $1
*** HOLE CARDS ***
sta$igk: folds 
Joe_Li7: folds 
sltn: folds 
reiyser: folds 
xcinaz: raises $2 to $3
Naskaj: folds 
Uncalled bet ($2) returned to xcinaz
xcinaz collected $2 from pot
xcinaz: doesn't show hand 
*** SUMMARY ***
Total pot $2 | Rake $0 
Seat 1: sltn folded before Flop (didn't bet)
Seat 2: reiyser (button) folded before Flop (didn't bet)
Seat 3: xcinaz (small blind) collected ($2)
Seat 4: Naskaj (big blind) folded before Flop
Seat 5: sta$igk folded before Flop (didn't bet)
Seat 6: Joe_Li7 folded before Flop (didn't bet)



PokerStars Hand #254488597131:  Hold'em No Limit ($0.50/$1.00 USD) - 2025/01/21 19:54:08 WET [2025/01/21 14:54:08 ET]
Table 'Appella IV' 6-max Seat #3 is the button
Seat 1: sltn ($100 in chips) 
Seat 2: reiyser ($107.32 in chips) 
Seat 3: xcinaz ($105.23 in chips) 
Seat 4: Naskaj ($106.18 in chips) 
Seat 5: sta$igk ($100 in chips) 
Seat 6: Joe_Li7 ($100 in chips) 
Naskaj: posts small blind $0.50
sta$igk: posts big blind $1
*** HOLE CARDS ***
Joe_Li7: folds 
sltn: raises $1.50 to $2.50
reiyser: folds 
xcinaz: folds 
Naskaj: folds 
sta$igk: folds 
Uncalled bet ($1.50) returned to sltn
sltn collected $2.50 from pot
sltn: doesn't show hand 
*** SUMMARY ***
Total pot $2.50 | Rake $0 
Seat 1: sltn collected ($2.50)
Seat 2: reiyser folded before Flop (didn't bet)
Seat 3: xcinaz (button) folded before Flop (didn't bet)
Seat 4: Naskaj (small blind) folded before Flop
Seat 5: sta$igk (big blind) folded before Flop
Seat 6: Joe_Li7 folded before Flop (didn't bet)



PokerStars Hand #254488602310:  Hold'em No Limit ($0.50/$1.00 USD) - 2025/01/21 19:54:25 WET [2025/01/21 14:54:25 ET]
Table 'Appella IV' 6-max Seat #4 is the button
Seat 1: sltn ($101.50 in chips) 
Seat 2: reiyser ($107.32 in chips) 
Seat 3: xcinaz ($105.23 in chips) 
Seat 4: Naskaj ($105.68 in chips) 
Seat 5: sta$igk ($100 in chips) 
Seat 6: Joe_Li7 ($100 in chips) 
sta$igk: posts small blind $0.50
Joe_Li7: posts big blind $1
*** HOLE CARDS ***
sltn: folds 
reiyser: folds 
xcinaz: folds 
Naskaj: folds 
sta$igk: raises $2 to $3
Joe_Li7: folds 
Uncalled bet ($2) returned to sta$igk
sta$igk collected $2 from pot
sta$igk: doesn't show hand 
*** SUMMARY ***
Total pot $2 | Rake $0 
Seat 1: sltn folded before Flop (didn't bet)
Seat 2: reiyser folded before Flop (didn't bet)
Seat 3: xcinaz folded before Flop (didn't bet)
Seat 4: Naskaj (button) folded before Flop (didn't bet)
Seat 5: sta$igk (small blind) collected ($2)
Seat 6: Joe_Li7 (big blind) folded before Flop



PokerStars Hand #254488605916:  Hold'em No Limit ($0.50/$1.00 USD) - 2025/01/21 19:54:37 WET [2025/01/21 14:54:37 ET]
Table 'Appella IV' 6-max Seat #5 is the button
Seat 1: sltn ($101.50 in chips) 
Seat 2: reiyser ($107.32 in chips) 
Seat 3: xcinaz ($105.23 in chips) 
Seat 4: Naskaj ($105.68 in chips) 
Seat 5: sta$igk ($101 in chips) 
Seat 6: Joe_Li7 ($100 in chips) 
Joe_Li7: posts small blind $0.50
sltn: posts big blind $1
*** HOLE CARDS ***
reiyser: folds 
xcinaz: folds 
Naskaj: folds 
sta$igk: raises $1.50 to $2.50
Joe_Li7: folds 
sltn: raises $9.50 to $12
sta$igk: folds 
Uncalled bet ($9.50) returned to sltn
sltn collected $5.50 from pot
sltn: doesn't show hand 
*** SUMMARY ***
Total pot $5.50 | Rake $0 
Seat 1: sltn (big blind) collected ($5.50)
Seat 2: reiyser folded before Flop (didn't bet)
Seat 3: xcinaz folded before Flop (didn't bet)
Seat 4: Naskaj folded before Flop (didn't bet)
Seat 5: sta$igk (button) folded before Flop
Seat 6: Joe_Li7 (small blind) folded before Flop



PokerStars Hand #254488613184:  Hold'em No Limit ($0.50/$1.00 USD) - 2025/01/21 19:55:01 WET [2025/01/21 14:55:01 ET]
Table 'Appella IV' 6-max Seat #6 is the button
Seat 1: sltn ($104.50 in chips) 
Seat 2: reiyser ($107.32 in chips) 
Seat 3: xcinaz ($105.23 in chips) 
Seat 4: Naskaj ($105.68 in chips) 
Seat 5: sta$igk ($100 in chips) 
Seat 6: Joe_Li7 ($100 in chips) 
sltn: posts small blind $0.50
reiyser: posts big blind $1
*** HOLE CARDS ***
xcinaz: raises $1 to $2
Naskaj: folds 
sta$igk: folds 
Joe_Li7: folds 
sltn: folds 
reiyser: folds 
Uncalled bet ($1) returned to xcinaz
xcinaz collected $2.50 from pot
xcinaz: doesn't show hand 
*** SUMMARY ***
Total pot $2.50 | Rake $0 
Seat 1: sltn (small blind) folded before Flop
Seat 2: reiyser (big blind) folded before Flop
Seat 3: xcinaz collected ($2.50)
Seat 4: Naskaj folded before Flop (didn't bet)
Seat 5: sta$igk folded before Flop (didn't bet)
Seat 6: Joe_Li7 (button) folded before Flop (didn't bet)



PokerStars Hand #254488619418:  Hold'em No Limit ($0.50/$1.00 USD) - 2025/01/21 19:55:29 WET [2025/01/21 14:55:29 ET]
Table 'Appella IV' 6-max Seat #1 is the button
Seat 1: sltn ($104 in chips) 
Seat 2: reiyser ($106.32 in chips) 
Seat 3: xcinaz ($106.73 in chips) 
Seat 4: Naskaj ($105.68 in chips) 
Seat 5: sta$igk ($100 in chips) 
Seat 6: Joe_Li7 ($100 in chips) 
reiyser: posts small blind $0.50
xcinaz: posts big blind $1
*** HOLE CARDS ***
Naskaj: folds 
sta$igk: folds 
Joe_Li7: folds 
sltn: folds 
reiyser: folds 
Uncalled bet ($0.50) returned to xcinaz
xcinaz collected $1 from pot
xcinaz: doesn't show hand 
*** SUMMARY ***
Total pot $1 | Rake $0 
Seat 1: sltn (button) folded before Flop (didn't bet)
Seat 2: reiyser (small blind) folded before Flop
Seat 3: xcinaz (big blind) collected ($1)
Seat 4: Naskaj folded before Flop (didn't bet)
Seat 5: sta$igk folded before Flop (didn't bet)
Seat 6: Joe_Li7 folded before Flop (didn't bet)



PokerStars Hand #254488622763:  Hold'em No Limit ($0.50/$1.00 USD) - 2025/01/21 19:55:44 WET [2025/01/21 14:55:44 ET]
Table 'Appella IV' 6-max Seat #2 is the button
Seat 1: sltn ($104 in chips) 
Seat 2: reiyser ($105.82 in chips) 
Seat 3: xcinaz ($107.23 in chips) 
Seat 4: Naskaj ($105.68 in chips) 
Seat 5: sta$igk ($100 in chips) 
Seat 6: Joe_Li7 ($100 in chips) 
xcinaz: posts small blind $0.50
Naskaj: posts big blind $1
*** HOLE CARDS ***
sta$igk: folds 
Joe_Li7: folds 
sltn: raises $1.50 to $2.50
reiyser: folds 
xcinaz: folds 
Naskaj: calls $1.50
*** FLOP *** [Ad 3c 4d]
Naskaj: checks 
sltn: bets $3.92
Naskaj: folds 
Uncalled bet ($3.92) returned to sltn
sltn collected $5.22 from pot
sltn: doesn't show hand 
*** SUMMARY ***
Total pot $5.50 | Rake $0.28 
Board [Ad 3c 4d]
Seat 1: sltn collected ($5.22)
Seat 2: reiyser (button) folded before Flop (didn't bet)
Seat 3: xcinaz (small blind) folded before Flop
Seat 4: Naskaj (big blind) folded on the Flop
Seat 5: sta$igk folded before Flop (didn't bet)
Seat 6: Joe_Li7 folded before Flop (didn't bet)



PokerStars Hand #254488630730:  Hold'em No Limit ($0.50/$1.00 USD) - 2025/01/21 19:56:19 WET [2025/01/21 14:56:19 ET]
Table 'Appella IV' 6-max Seat #3 is the button
Seat 1: sltn ($106.72 in chips) 
Seat 2: reiyser ($105.82 in chips) 
Seat 3: xcinaz ($106.73 in chips) 
Seat 4: Naskaj ($103.18 in chips) 
Seat 5: sta$igk ($100 in chips) 
Seat 6: Joe_Li7 ($100 in chips) 
Naskaj: posts small blind $0.50
sta$igk: posts big blind $1
*** HOLE CARDS ***
Joe_Li7: raises $1.20 to $2.20
sltn: folds 
reiyser: folds 
xcinaz: folds 
Naskaj: folds 
sta$igk: calls $1.20
*** FLOP *** [8s 5c 3h]
sta$igk: checks 
Joe_Li7: bets $2.33
sta$igk: calls $2.33
*** TURN *** [8s 5c 3h] [7s]
sta$igk: bets $3
Joe_Li7: calls $3
*** RIVER *** [8s 5c 3h 7s] [4d]
sta$igk: bets $4.88
Joe_Li7: folds 
Uncalled bet ($4.88) returned to sta$igk
sta$igk collected $14.78 from pot
sta$igk: doesn't show hand 
*** SUMMARY ***
Total pot $15.56 | Rake $0.78 
Board [8s 5c 3h 7s 4d]
Seat 1: sltn folded before Flop (didn't bet)
Seat 2: reiyser folded before Flop (didn't bet)
Seat 3: xcinaz (button) folded before Flop (didn't bet)
Seat 4: Naskaj (small blind) folded before Flop
Seat 5: sta$igk (big blind) collected ($14.78)
Seat 6: Joe_Li7 folded on the River



PokerStars Hand #254488653893:  Hold'em No Limit ($0.50/$1.00 USD) - 2025/01/21 19:58:05 WET [2025/01/21 14:58:05 ET]
Table 'Appella IV' 6-max Seat #4 is the button
Seat 1: sltn ($106.72 in chips) 
Seat 2: reiyser ($105.82 in chips) 
Seat 3: xcinaz ($106.73 in chips) 
Seat 4: Naskaj ($102.68 in chips) 
Seat 5: sta$igk ($107.25 in chips) 
Seat 6: Joe_Li7 ($100 in chips) 
sta$igk: posts small blind $0.50
Joe_Li7: posts big blind $1
*** HOLE CARDS ***
sltn: folds 
reiyser: folds 
xcinaz: folds 
Naskaj: folds 
sta$igk: folds 
Uncalled bet ($0.50) returned to Joe_Li7
Joe_Li7 collected $1 from pot
*** SUMMARY ***
Total pot $1 | Rake $0 
Seat 1: sltn folded before Flop (didn't bet)
Seat 2: reiyser folded before Flop (didn't bet)
Seat 3: xcinaz folded before Flop (didn't bet)
Seat 4: Naskaj (button) folded before Flop (didn't bet)
Seat 5: sta$igk (small blind) folded before Flop
Seat 6: Joe_Li7 (big blind) collected ($1)



PokerStars Hand #254488656298:  Hold'em No Limit ($0.50/$1.00 USD) - 2025/01/21 19:58:15 WET [2025/01/21 14:58:15 ET]
Table 'Appella IV' 6-max Seat #5 is the button
Seat 1: sltn ($106.72 in chips) is sitting out
Seat 2: reiyser ($105.82 in chips) 
Seat 3: xcinaz ($106.73 in chips) 
Seat 4: Naskaj ($102.68 in chips) 
Seat 5: sta$igk ($106.75 in chips) 
Seat 6: Joe_Li7 ($100.50 in chips) 
Joe_Li7: posts small blind $0.50
sltn: is sitting out 
reiyser: posts big blind $1
*** HOLE CARDS ***
xcinaz: raises $1 to $2
Naskaj: folds 
sta$igk: folds 
Joe_Li7: folds 
sltn leaves the table
reiyser: calls $1
*** FLOP *** [4d 9s Kh]
reiyser: checks 
michasia joins the table at seat #1 
xcinaz: bets $1.07
reiyser: folds 
Uncalled bet ($1.07) returned to xcinaz
xcinaz collected $4.28 from pot
xcinaz: doesn't show hand 
*** SUMMARY ***
Total pot $4.50 | Rake $0.22 
Board [4d 9s Kh]
Seat 1: sltn
Seat 2: reiyser (big blind) folded on the Flop
Seat 3: xcinaz collected ($4.28)
Seat 4: Naskaj folded before Flop (didn't bet)
Seat 5: sta$igk (button) folded before Flop (didn't bet)
Seat 6: Joe_Li7 (small blind) folded before Flop



PokerStars Hand #254488660465:  Hold'em No Limit ($0.50/$1.00 USD) - 2025/01/21 19:58:34 WET [2025/01/21 14:58:34 ET]
Table 'Appella IV' 6-max Seat #6 is the button
Seat 1: michasia ($100 in chips) is sitting out
Seat 2: reiyser ($103.82 in chips) 
Seat 3: xcinaz ($109.01 in chips) 
Seat 4: Naskaj ($102.68 in chips) 
Seat 5: sta$igk ($106.75 in chips) 
Seat 6: Joe_Li7 ($100 in chips) 
reiyser: posts small blind $0.50
xcinaz: posts big blind $1
*** HOLE CARDS ***
Naskaj: raises $1 to $2
sta$igk: folds 
Joe_Li7: folds 
reiyser: folds 
xcinaz: folds 
Uncalled bet ($1) returned to Naskaj
Naskaj collected $2.50 from pot
*** SUMMARY ***
Total pot $2.50 | Rake $0 
Seat 1: michasia
Seat 2: reiyser (small blind) folded before Flop
Seat 3: xcinaz (big blind) folded before Flop
Seat 4: Naskaj collected ($2.50)
Seat 5: sta$igk folded before Flop (didn't bet)
Seat 6: Joe_Li7 (button) folded before Flop (didn't bet)



PokerStars Hand #254488664745:  Hold'em No Limit ($0.50/$1.00 USD) - 2025/01/21 19:58:53 WET [2025/01/21 14:58:53 ET]
Table 'Appella IV' 6-max Seat #2 is the button
Seat 1: michasia ($100 in chips) is sitting out
Seat 2: reiyser ($103.32 in chips) 
Seat 3: xcinaz ($108.01 in chips) 
Seat 4: Naskaj ($104.18 in chips) 
Seat 5: sta$igk ($106.75 in chips) 
Seat 6: Joe_Li7 ($100 in chips) 
xcinaz: posts small blind $0.50
Naskaj: posts big blind $1
michasia: sits out 
*** HOLE CARDS ***
sta$igk: folds 
Joe_Li7: folds 
reiyser: folds 
xcinaz: raises $2 to $3
Naskaj: folds 
Uncalled bet ($2) returned to xcinaz
xcinaz collected $2 from pot
xcinaz: doesn't show hand 
*** SUMMARY ***
Total pot $2 | Rake $0 
Seat 1: michasia
Seat 2: reiyser (button) folded before Flop (didn't bet)
Seat 3: xcinaz (small blind) collected ($2)
Seat 4: Naskaj (big blind) folded before Flop
Seat 5: sta$igk folded before Flop (didn't bet)
Seat 6: Joe_Li7 folded before Flop (didn't bet)



PokerStars Hand #254488670047:  Hold'em No Limit ($0.50/$1.00 USD) - 2025/01/21 19:59:18 WET [2025/01/21 14:59:18 ET]
Table 'Appella IV' 6-max Seat #3 is the button
Seat 1: michasia ($100 in chips) is sitting out
Seat 2: reiyser ($103.32 in chips) 
Seat 3: xcinaz ($109.01 in chips) 
Seat 4: Naskaj ($103.18 in chips) 
Seat 5: sta$igk ($106.75 in chips) 
Seat 6: Joe_Li7 ($100 in chips) 
Naskaj: posts small blind $0.50
sta$igk: posts big blind $1
michasia: sits out 
*** HOLE CARDS ***
Joe_Li7: folds 
reiyser: folds 
xcinaz: folds 
Naskaj: folds 
Uncalled bet ($0.50) returned to sta$igk
sta$igk collected $1 from pot
sta$igk: doesn't show hand 
*** SUMMARY ***
Total pot $1 | Rake $0 
Seat 1: michasia
Seat 2: reiyser folded before Flop (didn't bet)
Seat 3: xcinaz (button) folded before Flop (didn't bet)
Seat 4: Naskaj (small blind) folded before Flop
Seat 5: sta$igk (big blind) collected ($1)
Seat 6: Joe_Li7 folded before Flop (didn't bet)



PokerStars Hand #254488672645:  Hold'em No Limit ($0.50/$1.00 USD) - 2025/01/21 19:59:30 WET [2025/01/21 14:59:30 ET]
Table 'Appella IV' 6-max Seat #4 is the button
Seat 1: michasia ($100 in chips) is sitting out
Seat 2: reiyser ($103.32 in chips) 
Seat 3: xcinaz ($109.01 in chips) 
Seat 4: Naskaj ($102.68 in chips) 
Seat 5: sta$igk ($107.25 in chips) 
Seat 6: Joe_Li7 ($100 in chips) 
sta$igk: posts small blind $0.50
Joe_Li7: posts big blind $1
michasia: sits out 
*** HOLE CARDS ***
reiyser: folds 
xcinaz: raises $1.20 to $2.20
Naskaj: folds 
sta$igk: folds 
Joe_Li7: raises $8.80 to $11
xcinaz: folds 
Uncalled bet ($8.80) returned to Joe_Li7
Joe_Li7 collected $4.90 from pot
*** SUMMARY ***
Total pot $4.90 | Rake $0 
Seat 1: michasia
Seat 2: reiyser folded before Flop (didn't bet)
Seat 3: xcinaz folded before Flop
Seat 4: Naskaj (button) folded before Flop (didn't bet)
Seat 5: sta$igk (small blind) folded before Flop
Seat 6: Joe_Li7 (big blind) collected ($4.90)



PokerStars Hand #254488678852:  Hold'em No Limit ($0.50/$1.00 USD) - 2025/01/21 19:59:57 WET [2025/01/21 14:59:57 ET]
Table 'Appella IV' 6-max Seat #5 is the button
Seat 1: michasia ($100 in chips) 
Seat 2: reiyser ($103.32 in chips) 
Seat 3: xcinaz ($106.81 in chips) 
Seat 4: Naskaj ($102.68 in chips) 
Seat 5: sta$igk ($106.75 in chips) 
Seat 6: Joe_Li7 ($102.70 in chips) 
Joe_Li7: posts small blind $0.50
michasia: posts big blind $1
*** HOLE CARDS ***
reiyser: folds 
xcinaz: folds 
Naskaj: folds 
sta$igk: raises $1.50 to $2.50
Joe_Li7: folds 
michasia: folds 
Uncalled bet ($1.50) returned to sta$igk
sta$igk collected $2.50 from pot
sta$igk: doesn't show hand 
*** SUMMARY ***
Total pot $2.50 | Rake $0 
Seat 1: michasia (big blind) folded before Flop
Seat 2: reiyser folded before Flop (didn't bet)
Seat 3: xcinaz folded before Flop (didn't bet)
Seat 4: Naskaj folded before Flop (didn't bet)
Seat 5: sta$igk (button) collected ($2.50)
Seat 6: Joe_Li7 (small blind) folded before Flop



PokerStars Hand #254488682221:  Hold'em No Limit ($0.50/$1.00 USD) - 2025/01/21 20:00:12 WET [2025/01/21 15:00:12 ET]
Table 'Appella IV' 6-max Seat #6 is the button
Seat 1: michasia ($100 in chips) 
Seat 2: reiyser ($103.32 in chips) 
Seat 3: xcinaz ($106.81 in chips) 
Seat 4: Naskaj ($102.68 in chips) 
Seat 5: sta$igk ($108.25 in chips) 
Seat 6: Joe_Li7 ($102.20 in chips) 
michasia: posts small blind $0.50
reiyser: posts big blind $1
*** HOLE CARDS ***
xcinaz: folds 
Naskaj: folds 
sta$igk: raises $1.50 to $2.50
Joe_Li7: folds 
michasia: folds 
reiyser: folds 
Uncalled bet ($1.50) returned to sta$igk
sta$igk collected $2.50 from pot
sta$igk: doesn't show hand 
*** SUMMARY ***
Total pot $2.50 | Rake $0 
Seat 1: michasia (small blind) folded before Flop
Seat 2: reiyser (big blind) folded before Flop
Seat 3: xcinaz folded before Flop (didn't bet)
Seat 4: Naskaj folded before Flop (didn't bet)
Seat 5: sta$igk collected ($2.50)
Seat 6: Joe_Li7 (button) folded before Flop (didn't bet)



PokerStars Hand #254488685250:  Hold'em No Limit ($0.50/$1.00 USD) - 2025/01/21 20:00:26 WET [2025/01/21 15:00:26 ET]
Table 'Appella IV' 6-max Seat #1 is the button
Seat 1: michasia ($100 in chips) 
Seat 2: reiyser ($102.32 in chips) 
Seat 3: xcinaz ($106.81 in chips) 
Seat 4: Naskaj ($102.68 in chips) 
Seat 5: sta$igk ($109.75 in chips) 
Seat 6: Joe_Li7 ($102.20 in chips) 
reiyser: posts small blind $0.50
xcinaz: posts big blind $1
*** HOLE CARDS ***
Naskaj: folds 
sta$igk: folds 
Joe_Li7: folds 
michasia: folds 
reiyser: raises $1.80 to $2.80
xcinaz: raises $6.20 to $9
reiyser: raises $15 to $24
xcinaz: calls $15
*** FLOP *** [4h 4d 6h]
reiyser: bets $11.20
xcinaz: calls $11.20
*** TURN *** [4h 4d 6h] [5h]
reiyser: bets $67.12 and is all-in
xcinaz: calls $67.12
*** RIVER *** [4h 4d 6h 5h] [9h]
*** SHOW DOWN ***
reiyser: shows [Kc Qh] (a flush, Queen high)
xcinaz: shows [8h 8c] (a flush, Nine high)
reiyser collected $202.14 from pot
*** SUMMARY ***
Total pot $204.64 | Rake $2.50 
Board [4h 4d 6h 5h 9h]
Seat 1: michasia (button) folded before Flop (didn't bet)
Seat 2: reiyser (small blind) showed [Kc Qh] and won ($202.14) with a flush, Queen high
Seat 3: xcinaz (big blind) showed [8h 8c] and lost with a flush, Nine high
Seat 4: Naskaj folded before Flop (didn't bet)
Seat 5: sta$igk folded before Flop (didn't bet)
Seat 6: Joe_Li7 folded before Flop (didn't bet)



PokerStars Hand #254488716143:  Hold'em No Limit ($0.50/$1.00 USD) - 2025/01/21 20:02:22 WET [2025/01/21 15:02:22 ET]
Table 'Appella IV' 6-max Seat #2 is the button
Seat 1: michasia ($100 in chips) 
Seat 2: reiyser ($202.14 in chips) 
Seat 3: xcinaz ($100 in chips) 
Seat 4: Naskaj ($102.68 in chips) 
Seat 5: sta$igk ($109.75 in chips) 
Seat 6: Joe_Li7 ($102.20 in chips) 
xcinaz: posts small blind $0.50
Naskaj: posts big blind $1
*** HOLE CARDS ***
sta$igk: raises $1.50 to $2.50
Joe_Li7: folds 
michasia: folds 
reiyser: folds 
xcinaz: folds 
Naskaj: calls $1.50
*** FLOP *** [2d 9s 8h]
Naskaj: checks 
sta$igk: bets $1.72
Naskaj: calls $1.72
*** TURN *** [2d 9s 8h] [Jd]
Naskaj: checks 
sta$igk: bets $7.22
Naskaj: folds 
Uncalled bet ($7.22) returned to sta$igk
sta$igk collected $8.49 from pot
sta$igk: doesn't show hand 
*** SUMMARY ***
Total pot $8.94 | Rake $0.45 
Board [2d 9s 8h Jd]
Seat 1: michasia folded before Flop (didn't bet)
Seat 2: reiyser (button) folded before Flop (didn't bet)
Seat 3: xcinaz (small blind) folded before Flop
Seat 4: Naskaj (big blind) folded on the Turn
Seat 5: sta$igk collected ($8.49)
Seat 6: Joe_Li7 folded before Flop (didn't bet)



PokerStars Hand #254488730333:  Hold'em No Limit ($0.50/$1.00 USD) - 2025/01/21 20:03:10 WET [2025/01/21 15:03:10 ET]
Table 'Appella IV' 6-max Seat #3 is the button
Seat 1: michasia ($100 in chips) 
Seat 2: reiyser ($202.14 in chips) 
Seat 3: xcinaz ($100 in chips) 
Seat 4: Naskaj ($98.46 in chips) 
Seat 5: sta$igk ($114.02 in chips) 
Seat 6: Joe_Li7 ($102.20 in chips) 
Naskaj: posts small blind $0.50
sta$igk: posts big blind $1
*** HOLE CARDS ***
Joe_Li7: folds 
michasia: raises $1.60 to $2.60
reiyser: folds 
xcinaz: folds 
Naskaj: folds 
sta$igk: folds 
Uncalled bet ($1.60) returned to michasia
michasia collected $2.50 from pot
michasia: doesn't show hand 
*** SUMMARY ***
Total pot $2.50 | Rake $0 
Seat 1: michasia collected ($2.50)
Seat 2: reiyser folded before Flop (didn't bet)
Seat 3: xcinaz (button) folded before Flop (didn't bet)
Seat 4: Naskaj (small blind) folded before Flop
Seat 5: sta$igk (big blind) folded before Flop
Seat 6: Joe_Li7 folded before Flop (didn't bet)



PokerStars Hand #254488734747:  Hold'em No Limit ($0.50/$1.00 USD) - 2025/01/21 20:03:25 WET [2025/01/21 15:03:25 ET]
Table 'Appella IV' 6-max Seat #4 is the button
Seat 1: michasia ($101.50 in chips) 
Seat 2: reiyser ($202.14 in chips) 
Seat 3: xcinaz ($100 in chips) 
Seat 4: Naskaj ($97.96 in chips) 
Seat 5: sta$igk ($113.02 in chips) 
Seat 6: Joe_Li7 ($102.20 in chips) 
sta$igk: posts small blind $0.50
Joe_Li7: posts big blind $1
*** HOLE CARDS ***
michasia: raises $1.60 to $2.60
reiyser: folds 
xcinaz: folds 
Naskaj: folds 
sta$igk: folds 
Joe_Li7: calls $1.60
*** FLOP *** [Kd 4h 2s]
Joe_Li7: checks 
michasia: bets $1.79
Joe_Li7: calls $1.79
*** TURN *** [Kd 4h 2s] [7c]
Joe_Li7: checks 
michasia: checks 
*** RIVER *** [Kd 4h 2s 7c] [2d]
Joe_Li7: bets $2.91
michasia: folds 
Uncalled bet ($2.91) returned to Joe_Li7
Joe_Li7 collected $8.82 from pot
*** SUMMARY ***
Total pot $9.28 | Rake $0.46 
Board [Kd 4h 2s 7c 2d]
Seat 1: michasia folded on the River
Seat 2: reiyser folded before Flop (didn't bet)
Seat 3: xcinaz folded before Flop (didn't bet)
Seat 4: Naskaj (button) folded before Flop (didn't bet)
Seat 5: sta$igk (small blind) folded before Flop
Seat 6: Joe_Li7 (big blind) collected ($8.82)



PokerStars Hand #254488751284:  Hold'em No Limit ($0.50/$1.00 USD) - 2025/01/21 20:04:22 WET [2025/01/21 15:04:22 ET]
Table 'Appella IV' 6-max Seat #5 is the button
Seat 1: michasia ($100 in chips) 
Seat 2: reiyser ($202.14 in chips) 
Seat 3: xcinaz ($100 in chips) 
Seat 4: Naskaj ($97.96 in chips) 
Seat 5: sta$igk ($112.52 in chips) 
Seat 6: Joe_Li7 ($106.63 in chips) 
Joe_Li7: posts small blind $0.50
michasia: posts big blind $1
*** HOLE CARDS ***
reiyser: raises $1.23 to $2.23
xcinaz: folds 
Naskaj: calls $2.23
sta$igk: folds 
Joe_Li7: folds 
michasia: folds 
*** FLOP *** [Th Ts 7d]
reiyser: checks 
Naskaj: checks 
*** TURN *** [Th Ts 7d] [2h]
reiyser: checks 
Naskaj: bets $2.83
reiyser: calls $2.83
*** RIVER *** [Th Ts 7d 2h] [6d]
reiyser: checks 
Naskaj: checks 
*** SHOW DOWN ***
reiyser: shows [Jh Ah] (a pair of Tens)
Naskaj: mucks hand 
reiyser collected $11.04 from pot
*** SUMMARY ***
Total pot $11.62 | Rake $0.58 
Board [Th Ts 7d 2h 6d]
Seat 1: michasia (big blind) folded before Flop
Seat 2: reiyser showed [Jh Ah] and won ($11.04) with a pair of Tens
Seat 3: xcinaz folded before Flop (didn't bet)
Seat 4: Naskaj mucked
Seat 5: sta$igk (button) folded before Flop (didn't bet)
Seat 6: Joe_Li7 (small blind) folded before Flop



PokerStars Hand #254488764581:  Hold'em No Limit ($0.50/$1.00 USD) - 2025/01/21 20:05:07 WET [2025/01/21 15:05:07 ET]
Table 'Appella IV' 6-max Seat #6 is the button
Seat 1: michasia ($100 in chips) 
Seat 2: reiyser ($208.12 in chips) 
Seat 3: xcinaz ($100 in chips) 
Seat 4: Naskaj ($92.90 in chips) 
Seat 5: sta$igk ($112.52 in chips) 
Seat 6: Joe_Li7 ($106.13 in chips) 
michasia: posts small blind $0.50
reiyser: posts big blind $1
*** HOLE CARDS ***
xcinaz: folds 
Naskaj: folds 
sta$igk: folds 
Joe_Li7: folds 
michasia: folds 
Uncalled bet ($0.50) returned to reiyser
reiyser collected $1 from pot
reiyser: doesn't show hand 
*** SUMMARY ***
Total pot $1 | Rake $0 
Seat 1: michasia (small blind) folded before Flop
Seat 2: reiyser (big blind) collected ($1)
Seat 3: xcinaz folded before Flop (didn't bet)
Seat 4: Naskaj folded before Flop (didn't bet)
Seat 5: sta$igk folded before Flop (didn't bet)
Seat 6: Joe_Li7 (button) folded before Flop (didn't bet)



PokerStars Hand #254488767186:  Hold'em No Limit ($0.50/$1.00 USD) - 2025/01/21 20:05:16 WET [2025/01/21 15:05:16 ET]
Table 'Appella IV' 6-max Seat #1 is the button
Seat 1: michasia ($100 in chips) 
Seat 2: reiyser ($208.62 in chips) 
Seat 3: xcinaz ($100 in chips) 
Seat 4: Naskaj ($92.90 in chips) 
Seat 5: sta$igk ($112.52 in chips) 
Seat 6: Joe_Li7 ($106.13 in chips) 
reiyser: posts small blind $0.50
xcinaz: posts big blind $1
*** HOLE CARDS ***
Naskaj: raises $2 to $3
sta$igk: folds 
Joe_Li7: folds 
michasia: folds 
reiyser: folds 
xcinaz: folds 
Uncalled bet ($2) returned to Naskaj
Naskaj collected $2.50 from pot
*** SUMMARY ***
Total pot $2.50 | Rake $0 
Seat 1: michasia (button) folded before Flop (didn't bet)
Seat 2: reiyser (small blind) folded before Flop
Seat 3: xcinaz (big blind) folded before Flop
Seat 4: Naskaj collected ($2.50)
Seat 5: sta$igk folded before Flop (didn't bet)
Seat 6: Joe_Li7 folded before Flop (didn't bet)



PokerStars Hand #254488771471:  Hold'em No Limit ($0.50/$1.00 USD) - 2025/01/21 20:05:30 WET [2025/01/21 15:05:30 ET]
Table 'Appella IV' 6-max Seat #2 is the button
Seat 1: michasia ($100 in chips) 
Seat 2: reiyser ($208.12 in chips) 
Seat 3: xcinaz ($100 in chips) 
Seat 4: Naskaj ($94.40 in chips) 
Seat 5: sta$igk ($112.52 in chips) 
Seat 6: Joe_Li7 ($106.13 in chips) 
xcinaz: posts small blind $0.50
Naskaj: posts big blind $1
*** HOLE CARDS ***
sta$igk: raises $1.50 to $2.50
Joe_Li7: folds 
michasia: folds 
reiyser: calls $2.50
xcinaz: folds 
Naskaj: calls $1.50
*** FLOP *** [9s Ac Td]
Naskaj: checks 
sta$igk: bets $2.51
reiyser: folds 
Naskaj: folds 
Uncalled bet ($2.51) returned to sta$igk
sta$igk collected $7.60 from pot
sta$igk: doesn't show hand 
*** SUMMARY ***
Total pot $8 | Rake $0.40 
Board [9s Ac Td]
Seat 1: michasia folded before Flop (didn't bet)
Seat 2: reiyser (button) folded on the Flop
Seat 3: xcinaz (small blind) folded before Flop
Seat 4: Naskaj (big blind) folded on the Flop
Seat 5: sta$igk collected ($7.60)
Seat 6: Joe_Li7 folded before Flop (didn't bet)



PokerStars Hand #254488782803:  Hold'em No Limit ($0.50/$1.00 USD) - 2025/01/21 20:06:07 WET [2025/01/21 15:06:07 ET]
Table 'Appella IV' 6-max Seat #3 is the button
Seat 1: michasia ($100 in chips) 
Seat 2: reiyser ($205.62 in chips) 
Seat 3: xcinaz ($100 in chips) 
Seat 4: Naskaj ($91.90 in chips) 
Seat 5: sta$igk ($117.62 in chips) 
Seat 6: Joe_Li7 ($106.13 in chips) 
Naskaj: posts small blind $0.50
sta$igk: posts big blind $1
*** HOLE CARDS ***
Joe_Li7: folds 
michasia: folds 
reiyser: folds 
xcinaz: raises $1.50 to $2.50
Naskaj: calls $2
sta$igk: folds 
*** FLOP *** [Js 3h 3c]
Naskaj: checks 
xcinaz: checks 
*** TURN *** [Js 3h 3c] [2c]
Naskaj: checks 
xcinaz: bets $1.43
Naskaj: calls $1.43
*** RIVER *** [Js 3h 3c 2c] [4d]
Naskaj: checks 
xcinaz: bets $2.78
Naskaj: calls $2.78
*** SHOW DOWN ***
xcinaz: shows [9c 9h] (two pair, Nines and Threes)
Naskaj: mucks hand 
xcinaz collected $13.70 from pot
*** SUMMARY ***
Total pot $14.42 | Rake $0.72 
Board [Js 3h 3c 2c 4d]
Seat 1: michasia folded before Flop (didn't bet)
Seat 2: reiyser folded before Flop (didn't bet)
Seat 3: xcinaz (button) showed [9c 9h] and won ($13.70) with two pair, Nines and Threes
Seat 4: Naskaj (small blind) mucked
Seat 5: sta$igk (big blind) folded before Flop
Seat 6: Joe_Li7 folded before Flop (didn't bet)



PokerStars Hand #254488803020:  Hold'em No Limit ($0.50/$1.00 USD) - 2025/01/21 20:07:15 WET [2025/01/21 15:07:15 ET]
Table 'Appella IV' 6-max Seat #4 is the button
Seat 1: michasia ($100 in chips) 
Seat 2: reiyser ($205.62 in chips) 
Seat 3: xcinaz ($106.99 in chips) 
Seat 4: Naskaj ($85.19 in chips) 
Seat 5: sta$igk ($116.62 in chips) 
Seat 6: Joe_Li7 ($106.13 in chips) 
sta$igk: posts small blind $0.50
Joe_Li7: posts big blind $1
*** HOLE CARDS ***
michasia: folds 
reiyser: folds 
xcinaz: folds 
Naskaj: raises $2 to $3
sta$igk: folds 
Joe_Li7: folds 
Uncalled bet ($2) returned to Naskaj
Naskaj collected $2.50 from pot
*** SUMMARY ***
Total pot $2.50 | Rake $0 
Seat 1: michasia folded before Flop (didn't bet)
Seat 2: reiyser folded before Flop (didn't bet)
Seat 3: xcinaz folded before Flop (didn't bet)
Seat 4: Naskaj (button) collected ($2.50)
Seat 5: sta$igk (small blind) folded before Flop
Seat 6: Joe_Li7 (big blind) folded before Flop



PokerStars Hand #254488809718:  Hold'em No Limit ($0.50/$1.00 USD) - 2025/01/21 20:07:37 WET [2025/01/21 15:07:37 ET]
Table 'Appella IV' 6-max Seat #5 is the button
Seat 1: michasia ($100 in chips) 
Seat 2: reiyser ($205.62 in chips) 
Seat 3: xcinaz ($106.99 in chips) 
Seat 4: Naskaj ($86.69 in chips) 
Seat 5: sta$igk ($116.12 in chips) 
Seat 6: Joe_Li7 ($105.13 in chips) 
Joe_Li7: posts small blind $0.50
michasia: posts big blind $1
*** HOLE CARDS ***
reiyser: folds 
xcinaz: folds 
Naskaj has timed out
Naskaj: folds 
sta$igk: raises $1.50 to $2.50
Joe_Li7: folds 
michasia: folds 
Uncalled bet ($1.50) returned to sta$igk
sta$igk collected $2.50 from pot
sta$igk: doesn't show hand 
*** SUMMARY ***
Total pot $2.50 | Rake $0 
Seat 1: michasia (big blind) folded before Flop
Seat 2: reiyser folded before Flop (didn't bet)
Seat 3: xcinaz folded before Flop (didn't bet)
Seat 4: Naskaj folded before Flop (didn't bet)
Seat 5: sta$igk (button) collected ($2.50)
Seat 6: Joe_Li7 (small blind) folded before Flop



PokerStars Hand #254488816509:  Hold'em No Limit ($0.50/$1.00 USD) - 2025/01/21 20:07:59 WET [2025/01/21 15:07:59 ET]
Table 'Appella IV' 6-max Seat #6 is the button
Seat 2: reiyser ($205.62 in chips) is sitting out
Seat 1: michasia ($100 in chips) 
Seat 3: xcinaz ($106.99 in chips) 
Seat 4: Naskaj ($86.69 in chips) 
Seat 5: sta$igk ($117.62 in chips) 
Seat 6: Joe_Li7 ($104.63 in chips) 
michasia: posts small blind $0.50
reiyser: is sitting out 
xcinaz: posts big blind $1
*** HOLE CARDS ***
Naskaj: folds 
sta$igk: folds 
Joe_Li7: raises $1.50 to $2.50
reiyser leaves the table
michasia: folds 
xcinaz: folds 
Uncalled bet ($1.50) returned to Joe_Li7
Joe_Li7 collected $2.50 from pot
*** SUMMARY ***
Total pot $2.50 | Rake $0 
Seat 2: reiyser
Seat 1: michasia (small blind) folded before Flop
Seat 3: xcinaz (big blind) folded before Flop
Seat 4: Naskaj folded before Flop (didn't bet)
Seat 5: sta$igk folded before Flop (didn't bet)
Seat 6: Joe_Li7 (button) collected ($2.50)



PokerStars Hand #254488821401:  Hold'em No Limit ($0.50/$1.00 USD) - 2025/01/21 20:08:16 WET [2025/01/21 15:08:16 ET]
Table 'Appella IV' 6-max Seat #1 is the button
Seat 1: michasia ($100 in chips) 
Seat 3: xcinaz ($105.99 in chips) 
Seat 4: Naskaj ($86.69 in chips) 
Seat 5: sta$igk ($117.62 in chips) 
Seat 6: Joe_Li7 ($106.13 in chips) 
xcinaz: posts small blind $0.50
Naskaj: posts big blind $1
*** HOLE CARDS ***
BGS013 joins the table at seat #2 
sta$igk: folds 
Joe_Li7: folds 
michasia: folds 
xcinaz: raises $2 to $3
Naskaj: calls $2
*** FLOP *** [Jc 8h 6h]
xcinaz: checks 
Naskaj: bets $2.85
xcinaz: calls $2.85
*** TURN *** [Jc 8h 6h] [Kd]
xcinaz: checks 
Naskaj: checks 
*** RIVER *** [Jc 8h 6h Kd] [Td]
xcinaz: checks 
Naskaj: checks 
*** SHOW DOWN ***
xcinaz: shows [Ad 6c] (a pair of Sixes)
Naskaj: shows [Ah 8s] (a pair of Eights)
Naskaj collected $11.12 from pot
*** SUMMARY ***
Total pot $11.70 | Rake $0.58 
Board [Jc 8h 6h Kd Td]
Seat 1: michasia (button) folded before Flop (didn't bet)
Seat 3: xcinaz (small blind) showed [Ad 6c] and lost with a pair of Sixes
Seat 4: Naskaj (big blind) showed [Ah 8s] and won ($11.12) with a pair of Eights
Seat 5: sta$igk folded before Flop (didn't bet)
Seat 6: Joe_Li7 folded before Flop (didn't bet)



PokerStars Hand #254488836375:  Hold'em No Limit ($0.50/$1.00 USD) - 2025/01/21 20:09:06 WET [2025/01/21 15:09:06 ET]
Table 'Appella IV' 6-max Seat #3 is the button
Seat 2: BGS013 ($100 in chips) is sitting out
Seat 1: michasia ($100 in chips) 
Seat 3: xcinaz ($100.14 in chips) 
Seat 4: Naskaj ($91.96 in chips) 
Seat 5: sta$igk ($117.62 in chips) 
Seat 6: Joe_Li7 ($106.13 in chips) 
Naskaj: posts small blind $0.50
sta$igk: posts big blind $1
BGS013: sits out 
*** HOLE CARDS ***
Joe_Li7: folds 
michasia: folds 
xcinaz: folds 
Naskaj: calls $0.50
sta$igk: checks 
*** FLOP *** [7h 2d Qc]
Naskaj: checks 
sta$igk: bets $1
Naskaj: folds 
Uncalled bet ($1) returned to sta$igk
sta$igk collected $1.90 from pot
sta$igk: doesn't show hand 
*** SUMMARY ***
Total pot $2 | Rake $0.10 
Board [7h 2d Qc]
Seat 2: BGS013
Seat 1: michasia folded before Flop (didn't bet)
Seat 3: xcinaz (button) folded before Flop (didn't bet)
Seat 4: Naskaj (small blind) folded on the Flop
Seat 5: sta$igk (big blind) collected ($1.90)
Seat 6: Joe_Li7 folded before Flop (didn't bet)



PokerStars Hand #254488846235:  Hold'em No Limit ($0.50/$1.00 USD) - 2025/01/21 20:09:39 WET [2025/01/21 15:09:39 ET]
Table 'Appella IV' 6-max Seat #4 is the button
Seat 2: BGS013 ($100 in chips) is sitting out
Seat 1: michasia ($100 in chips) 
Seat 3: xcinaz ($100.14 in chips) 
Seat 4: Naskaj ($90.96 in chips) 
Seat 5: sta$igk ($118.52 in chips) 
Seat 6: Joe_Li7 ($106.13 in chips) 
sta$igk: posts small blind $0.50
Joe_Li7: posts big blind $1
BGS013: sits out 
*** HOLE CARDS ***
michasia: folds 
xcinaz: raises $1.20 to $2.20
Naskaj: folds 
sta$igk: folds 
Joe_Li7: folds 
Uncalled bet ($1.20) returned to xcinaz
xcinaz collected $2.50 from pot
xcinaz: doesn't show hand 
*** SUMMARY ***
Total pot $2.50 | Rake $0 
Seat 2: BGS013
Seat 1: michasia folded before Flop (didn't bet)
Seat 3: xcinaz collected ($2.50)
Seat 4: Naskaj (button) folded before Flop (didn't bet)
Seat 5: sta$igk (small blind) folded before Flop
Seat 6: Joe_Li7 (big blind) folded before Flop



PokerStars Hand #254488852966:  Hold'em No Limit ($0.50/$1.00 USD) - 2025/01/21 20:10:01 WET [2025/01/21 15:10:01 ET]
Table 'Appella IV' 6-max Seat #5 is the button
Seat 2: BGS013 ($100 in chips) is sitting out
Seat 1: michasia ($100 in chips) 
Seat 3: xcinaz ($101.64 in chips) 
Seat 4: Naskaj ($90.96 in chips) 
Seat 5: sta$igk ($118.02 in chips) 
Seat 6: Joe_Li7 ($105.13 in chips) 
Joe_Li7: posts small blind $0.50
michasia: posts big blind $1
BGS013: sits out 
*** HOLE CARDS ***
xcinaz: raises $1 to $2
Naskaj: folds 
sta$igk: folds 
Joe_Li7: folds 
michasia: folds 
Uncalled bet ($1) returned to xcinaz
xcinaz collected $2.50 from pot
xcinaz: doesn't show hand 
*** SUMMARY ***
Total pot $2.50 | Rake $0 
Seat 2: BGS013
Seat 1: michasia (big blind) folded before Flop
Seat 3: xcinaz collected ($2.50)
Seat 4: Naskaj folded before Flop (didn't bet)
Seat 5: sta$igk (button) folded before Flop (didn't bet)
Seat 6: Joe_Li7 (small blind) folded before Flop



PokerStars Hand #254488857062:  Hold'em No Limit ($0.50/$1.00 USD) - 2025/01/21 20:10:15 WET [2025/01/21 15:10:15 ET]
Table 'Appella IV' 6-max Seat #6 is the button
Seat 1: michasia ($100 in chips) 
Seat 2: BGS013 ($100 in chips) 
Seat 3: xcinaz ($103.14 in chips) 
Seat 4: Naskaj ($90.96 in chips) 
Seat 5: sta$igk ($118.02 in chips) 
Seat 6: Joe_Li7 ($104.63 in chips) 
michasia: posts small blind $0.50
BGS013: posts big blind $1
*** HOLE CARDS ***
xcinaz: folds 
Naskaj: folds 
sta$igk: folds 
Joe_Li7: raises $1.50 to $2.50
michasia: folds 
BGS013: folds 
Uncalled bet ($1.50) returned to Joe_Li7
Joe_Li7 collected $2.50 from pot
*** SUMMARY ***
Total pot $2.50 | Rake $0 
Seat 1: michasia (small blind) folded before Flop
Seat 2: BGS013 (big blind) folded before Flop
Seat 3: xcinaz folded before Flop (didn't bet)
Seat 4: Naskaj folded before Flop (didn't bet)
Seat 5: sta$igk folded before Flop (didn't bet)
Seat 6: Joe_Li7 (button) collected ($2.50)



PokerStars Hand #254488861033:  Hold'em No Limit ($0.50/$1.00 USD) - 2025/01/21 20:10:28 WET [2025/01/21 15:10:28 ET]
Table 'Appella IV' 6-max Seat #1 is the button
Seat 1: michasia ($100 in chips) 
Seat 2: BGS013 ($100 in chips) 
Seat 3: xcinaz ($103.14 in chips) 
Seat 4: Naskaj ($90.96 in chips) 
Seat 5: sta$igk ($118.02 in chips) 
Seat 6: Joe_Li7 ($106.13 in chips) 
BGS013: posts small blind $0.50
xcinaz: posts big blind $1
*** HOLE CARDS ***
Naskaj: folds 
sta$igk: folds 
Joe_Li7: folds 
michasia: folds 
BGS013: folds 
Uncalled bet ($0.50) returned to xcinaz
xcinaz collected $1 from pot
xcinaz: doesn't show hand 
*** SUMMARY ***
Total pot $1 | Rake $0 
Seat 1: michasia (button) folded before Flop (didn't bet)
Seat 2: BGS013 (small blind) folded before Flop
Seat 3: xcinaz (big blind) collected ($1)
Seat 4: Naskaj folded before Flop (didn't bet)
Seat 5: sta$igk folded before Flop (didn't bet)
Seat 6: Joe_Li7 folded before Flop (didn't bet)



PokerStars Hand #254488863472:  Hold'em No Limit ($0.50/$1.00 USD) - 2025/01/21 20:10:36 WET [2025/01/21 15:10:36 ET]
Table 'Appella IV' 6-max Seat #2 is the button
Seat 1: michasia ($100 in chips) 
Seat 2: BGS013 ($100 in chips) 
Seat 3: xcinaz ($103.64 in chips) 
Seat 4: Naskaj ($90.96 in chips) 
Seat 5: sta$igk ($118.02 in chips) 
Seat 6: Joe_Li7 ($106.13 in chips) 
xcinaz: posts small blind $0.50
Naskaj: posts big blind $1
*** HOLE CARDS ***
sta$igk: folds 
Joe_Li7: folds 
michasia: folds 
BGS013: folds 
xcinaz: raises $2 to $3
Naskaj: calls $2
*** FLOP *** [2h 6c 8d]
xcinaz: checks 
Naskaj: checks 
*** TURN *** [2h 6c 8d] [3s]
xcinaz: bets $2.85
Naskaj: folds 
Uncalled bet ($2.85) returned to xcinaz
xcinaz collected $5.70 from pot
xcinaz: doesn't show hand 
*** SUMMARY ***
Total pot $6 | Rake $0.30 
Board [2h 6c 8d 3s]
Seat 1: michasia folded before Flop (didn't bet)
Seat 2: BGS013 (button) folded before Flop (didn't bet)
Seat 3: xcinaz (small blind) collected ($5.70)
Seat 4: Naskaj (big blind) folded on the Turn
Seat 5: sta$igk folded before Flop (didn't bet)
Seat 6: Joe_Li7 folded before Flop (didn't bet)



PokerStars Hand #254488875189:  Hold'em No Limit ($0.50/$1.00 USD) - 2025/01/21 20:11:14 WET [2025/01/21 15:11:14 ET]
Table 'Appella IV' 6-max Seat #3 is the button
Seat 1: michasia ($100 in chips) 
Seat 2: BGS013 ($100 in chips) 
Seat 3: xcinaz ($106.34 in chips) 
Seat 4: Naskaj ($87.96 in chips) 
Seat 5: sta$igk ($118.02 in chips) 
Seat 6: Joe_Li7 ($106.13 in chips) 
Naskaj: posts small blind $0.50
sta$igk: posts big blind $1
*** HOLE CARDS ***
Joe_Li7: folds 
michasia: folds 
BGS013: folds 
xcinaz: folds 
Naskaj: folds 
Uncalled bet ($0.50) returned to sta$igk
sta$igk collected $1 from pot
sta$igk: doesn't show hand 
*** SUMMARY ***
Total pot $1 | Rake $0 
Seat 1: michasia folded before Flop (didn't bet)
Seat 2: BGS013 folded before Flop (didn't bet)
Seat 3: xcinaz (button) folded before Flop (didn't bet)
Seat 4: Naskaj (small blind) folded before Flop
Seat 5: sta$igk (big blind) collected ($1)
Seat 6: Joe_Li7 folded before Flop (didn't bet)



PokerStars Hand #254488880396:  Hold'em No Limit ($0.50/$1.00 USD) - 2025/01/21 20:11:32 WET [2025/01/21 15:11:32 ET]
Table 'Appella IV' 6-max Seat #4 is the button
Seat 1: michasia ($100 in chips) 
Seat 2: BGS013 ($100 in chips) 
Seat 3: xcinaz ($106.34 in chips) 
Seat 4: Naskaj ($87.46 in chips) 
Seat 5: sta$igk ($118.52 in chips) 
Seat 6: Joe_Li7 ($106.13 in chips) 
sta$igk: posts small blind $0.50
Joe_Li7: posts big blind $1
*** HOLE CARDS ***
michasia: folds 
BGS013: folds 
xcinaz: raises $1.20 to $2.20
Naskaj: folds 
sta$igk: folds 
Joe_Li7: raises $8.80 to $11
xcinaz: folds 
Uncalled bet ($8.80) returned to Joe_Li7
Joe_Li7 collected $4.90 from pot
*** SUMMARY ***
Total pot $4.90 | Rake $0 
Seat 1: michasia folded before Flop (didn't bet)
Seat 2: BGS013 folded before Flop (didn't bet)
Seat 3: xcinaz folded before Flop
Seat 4: Naskaj (button) folded before Flop (didn't bet)
Seat 5: sta$igk (small blind) folded before Flop
Seat 6: Joe_Li7 (big blind) collected ($4.90)



PokerStars Hand #254488889323:  Hold'em No Limit ($0.50/$1.00 USD) - 2025/01/21 20:12:01 WET [2025/01/21 15:12:01 ET]
Table 'Appella IV' 6-max Seat #5 is the button
Seat 1: michasia ($100 in chips) 
Seat 2: BGS013 ($100 in chips) 
Seat 3: xcinaz ($104.14 in chips) 
Seat 4: Naskaj ($87.46 in chips) 
Seat 5: sta$igk ($118.02 in chips) 
Seat 6: Joe_Li7 ($108.83 in chips) 
Joe_Li7: posts small blind $0.50
michasia: posts big blind $1
*** HOLE CARDS ***
BGS013: folds 
xcinaz: folds 
Naskaj: folds 
sta$igk: raises $1.50 to $2.50
Joe_Li7: folds 
michasia: calls $1.50
*** FLOP *** [4d 4c 9d]
michasia: checks 
sta$igk: bets $1.72
michasia: raises $3.44 to $5.16
sta$igk: calls $3.44
*** TURN *** [4d 4c 9d] [Kc]
michasia: checks 
sta$igk: bets $15.03
michasia: folds 
Uncalled bet ($15.03) returned to sta$igk
sta$igk collected $15.03 from pot
sta$igk: doesn't show hand 
*** SUMMARY ***
Total pot $15.82 | Rake $0.79 
Board [4d 4c 9d Kc]
Seat 1: michasia (big blind) folded on the Turn
Seat 2: BGS013 folded before Flop (didn't bet)
Seat 3: xcinaz folded before Flop (didn't bet)
Seat 4: Naskaj folded before Flop (didn't bet)
Seat 5: sta$igk (button) collected ($15.03)
Seat 6: Joe_Li7 (small blind) folded before Flop



PokerStars Hand #254488907367:  Hold'em No Limit ($0.50/$1.00 USD) - 2025/01/21 20:13:01 WET [2025/01/21 15:13:01 ET]
Table 'Appella IV' 6-max Seat #6 is the button
Seat 1: michasia ($100 in chips) 
Seat 2: BGS013 ($100 in chips) 
Seat 3: xcinaz ($104.14 in chips) 
Seat 4: Naskaj ($87.46 in chips) 
Seat 5: sta$igk ($125.39 in chips) 
Seat 6: Joe_Li7 ($108.33 in chips) 
michasia: posts small blind $0.50
BGS013: posts big blind $1
*** HOLE CARDS ***
xcinaz: folds 
Naskaj: folds 
sta$igk: folds 
Joe_Li7: folds 
michasia: folds 
Uncalled bet ($0.50) returned to BGS013
BGS013 collected $1 from pot
BGS013: doesn't show hand 
*** SUMMARY ***
Total pot $1 | Rake $0 
Seat 1: michasia (small blind) folded before Flop
Seat 2: BGS013 (big blind) collected ($1)
Seat 3: xcinaz folded before Flop (didn't bet)
Seat 4: Naskaj folded before Flop (didn't bet)
Seat 5: sta$igk folded before Flop (didn't bet)
Seat 6: Joe_Li7 (button) folded before Flop (didn't bet)



PokerStars Hand #254488911520:  Hold'em No Limit ($0.50/$1.00 USD) - 2025/01/21 20:13:15 WET [2025/01/21 15:13:15 ET]
Table 'Appella IV' 6-max Seat #1 is the button
Seat 1: michasia ($100 in chips) 
Seat 2: BGS013 ($100.50 in chips) 
Seat 3: xcinaz ($104.14 in chips) 
Seat 4: Naskaj ($87.46 in chips) 
Seat 5: sta$igk ($125.39 in chips) 
Seat 6: Joe_Li7 ($108.33 in chips) 
BGS013: posts small blind $0.50
xcinaz: posts big blind $1
*** HOLE CARDS ***
Naskaj: folds 
Naskaj leaves the table
sta$igk: folds 
Joe_Li7: raises $1.20 to $2.20
michasia: folds 
BGS013: folds 
xxxZeka joins the table at seat #4 
xcinaz: folds 
Uncalled bet ($1.20) returned to Joe_Li7
Joe_Li7 collected $2.50 from pot
xxxZeka leaves the table
*** SUMMARY ***
Total pot $2.50 | Rake $0 
Seat 1: michasia (button) folded before Flop (didn't bet)
Seat 2: BGS013 (small blind) folded before Flop
Seat 3: xcinaz (big blind) folded before Flop
Seat 4: Naskaj folded before Flop (didn't bet)
Seat 5: sta$igk folded before Flop (didn't bet)
Seat 6: Joe_Li7 collected ($2.50)



PokerStars Hand #254488917194:  Hold'em No Limit ($0.50/$1.00 USD) - 2025/01/21 20:13:34 WET [2025/01/21 15:13:34 ET]
Table 'Appella IV' 6-max Seat #3 is the button
Seat 1: michasia ($100 in chips) is sitting out
Seat 5: sta$igk ($125.39 in chips) is sitting out
Seat 6: Joe_Li7 ($109.83 in chips) is sitting out
Seat 2: BGS013 ($100 in chips) 
Seat 3: xcinaz ($103.14 in chips) 
xcinaz: posts small blind $0.50
sta$igk: is sitting out 
Joe_Li7: is sitting out 
michasia: is sitting out 
BGS013: posts big blind $1
*** HOLE CARDS ***
sta$igk leaves the table
michasia leaves the table
xcinaz: folds 
Uncalled bet ($0.50) returned to BGS013
BGS013 collected $1 from pot
BGS013: doesn't show hand 
*** SUMMARY ***
Total pot $1 | Rake $0 
Seat 1: michasia
Seat 5: sta$igk
Seat 6: Joe_Li7
Seat 2: BGS013 (big blind) collected ($1)
Seat 3: xcinaz (button) (small blind) folded before Flop



PokerStars Hand #254488921241:  Hold'em No Limit ($0.50/$1.00 USD) - 2025/01/21 20:13:47 WET [2025/01/21 15:13:47 ET]
Table 'Appella IV' 6-max Seat #2 is the button
Seat 6: Joe_Li7 ($109.83 in chips) is sitting out
Seat 2: BGS013 ($100.50 in chips) 
Seat 3: xcinaz ($102.64 in chips) 
BGS013: posts small blind $0.50
xcinaz: posts big blind $1
*** HOLE CARDS ***
BGS013: folds 
Uncalled bet ($0.50) returned to xcinaz
xcinaz collected $1 from pot
xcinaz: doesn't show hand 
BGS013 leaves the table
*** SUMMARY ***
Total pot $1 | Rake $0 
Seat 6: Joe_Li7
Seat 2: BGS013 (button) (small blind) folded before Flop
Seat 3: xcinaz (big blind) collected ($1)



