PokerStars Hand #254487050201:  Hold'em No Limit ($0.50/$1.00 USD) - 2025/01/21 18:25:48 WET [2025/01/21 13:25:48 ET]
Table 'Arrakis IV' 6-max Seat #6 is the button
Seat 1: Marjuss26 ($78.86 in chips) 
Seat 2: ptolejmus ($12.98 in chips) 
Seat 3: Gfoer ($100 in chips) 
Seat 4: Evelexy1 ($100 in chips) 
Seat 5: Poker9803 ($100 in chips) 
Seat 6: AlexPinsk1 ($100 in chips) 
Marjuss26: posts small blind $0.50
ptolejmus: posts big blind $1
*** HOLE CARDS ***
Gfoer: folds 
Evelexy1: folds 
Poker9803: folds 
AlexPinsk1: folds 
Marjuss26: calls $0.50
ptolejmus: raises $11.98 to $12.98 and is all-in
Marjuss26: calls $11.98
*** FLOP *** [3h 6h Jd]
*** TURN *** [3h 6h Jd] [Th]
*** RIVER *** [3h 6h Jd Th] [9d]
*** SHOW DOWN ***
Marjuss26: shows [Tc Kh] (a pair of Tens)
ptolejmus: shows [Ks Jc] (a pair of Jacks)
ptolejmus collected $24.66 from pot
*** SUMMARY ***
Total pot $25.96 | Rake $1.30 
Board [3h 6h Jd Th 9d]
Seat 1: Marjuss26 (small blind) showed [Tc Kh] and lost with a pair of Tens
Seat 2: ptolejmus (big blind) showed [Ks Jc] and won ($24.66) with a pair of Jacks
Seat 3: Gfoer folded before Flop (didn't bet)
Seat 4: Evelexy1 folded before Flop (didn't bet)
Seat 5: Poker9803 folded before Flop (didn't bet)
Seat 6: AlexPinsk1 (button) folded before Flop (didn't bet)



PokerStars Hand #254487060975:  Hold'em No Limit ($0.50/$1.00 USD) - 2025/01/21 18:26:26 WET [2025/01/21 13:26:26 ET]
Table 'Arrakis IV' 6-max Seat #1 is the button
Seat 1: Marjuss26 ($65.88 in chips) 
Seat 2: ptolejmus ($24.66 in chips) 
Seat 3: Gfoer ($100 in chips) 
Seat 4: Evelexy1 ($100 in chips) 
Seat 5: Poker9803 ($100 in chips) 
Seat 6: AlexPinsk1 ($100 in chips) 
ptolejmus: posts small blind $0.50
Gfoer: posts big blind $1
*** HOLE CARDS ***
Evelexy1: folds 
Poker9803: folds 
AlexPinsk1: raises $1.50 to $2.50
Marjuss26: folds 
ptolejmus: folds 
Gfoer: folds 
Uncalled bet ($1.50) returned to AlexPinsk1
AlexPinsk1 collected $2.50 from pot
AlexPinsk1: doesn't show hand 
*** SUMMARY ***
Total pot $2.50 | Rake $0 
Seat 1: Marjuss26 (button) folded before Flop (didn't bet)
Seat 2: ptolejmus (small blind) folded before Flop
Seat 3: Gfoer (big blind) folded before Flop
Seat 4: Evelexy1 folded before Flop (didn't bet)
Seat 5: Poker9803 folded before Flop (didn't bet)
Seat 6: AlexPinsk1 collected ($2.50)



PokerStars Hand #254487065437:  Hold'em No Limit ($0.50/$1.00 USD) - 2025/01/21 18:26:42 WET [2025/01/21 13:26:42 ET]
Table 'Arrakis IV' 6-max Seat #2 is the button
Seat 1: Marjuss26 ($65.88 in chips) 
Seat 2: ptolejmus ($24.16 in chips) 
Seat 3: Gfoer ($100 in chips) 
Seat 4: Evelexy1 ($100 in chips) 
Seat 5: Poker9803 ($100 in chips) 
Seat 6: AlexPinsk1 ($101.50 in chips) 
Gfoer: posts small blind $0.50
Evelexy1: posts big blind $1
*** HOLE CARDS ***
Poker9803: folds 
AlexPinsk1: folds 
Marjuss26: calls $1
ptolejmus: folds 
Gfoer: raises $4 to $5
Evelexy1: folds 
Marjuss26: folds 
Uncalled bet ($4) returned to Gfoer
Gfoer collected $3 from pot
Gfoer: doesn't show hand 
*** SUMMARY ***
Total pot $3 | Rake $0 
Seat 1: Marjuss26 folded before Flop
Seat 2: ptolejmus (button) folded before Flop (didn't bet)
Seat 3: Gfoer (small blind) collected ($3)
Seat 4: Evelexy1 (big blind) folded before Flop
Seat 5: Poker9803 folded before Flop (didn't bet)
Seat 6: AlexPinsk1 folded before Flop (didn't bet)



PokerStars Hand #254487072158:  Hold'em No Limit ($0.50/$1.00 USD) - 2025/01/21 18:27:06 WET [2025/01/21 13:27:06 ET]
Table 'Arrakis IV' 6-max Seat #3 is the button
Seat 1: Marjuss26 ($64.88 in chips) 
Seat 2: ptolejmus ($24.16 in chips) 
Seat 3: Gfoer ($102 in chips) 
Seat 4: Evelexy1 ($100 in chips) 
Seat 5: Poker9803 ($100 in chips) 
Seat 6: AlexPinsk1 ($101.50 in chips) 
Evelexy1: posts small blind $0.50
Poker9803: posts big blind $1
*** HOLE CARDS ***
AlexPinsk1: folds 
Marjuss26: raises $1 to $2
ptolejmus: folds 
Gfoer: folds 
Evelexy1: calls $1.50
Poker9803: calls $1
*** FLOP *** [6s 4d 9h]
Evelexy1: checks 
Poker9803: checks 
Marjuss26: checks 
*** TURN *** [6s 4d 9h] [Jc]
Evelexy1: bets $3.76
Poker9803: folds 
Marjuss26: calls $3.76
*** RIVER *** [6s 4d 9h Jc] [Td]
Evelexy1: checks 
Marjuss26: checks 
*** SHOW DOWN ***
Evelexy1: shows [Th Qh] (a pair of Tens)
Marjuss26: mucks hand 
Evelexy1 collected $12.84 from pot
*** SUMMARY ***
Total pot $13.52 | Rake $0.68 
Board [6s 4d 9h Jc Td]
Seat 1: Marjuss26 mucked
Seat 2: ptolejmus folded before Flop (didn't bet)
Seat 3: Gfoer (button) folded before Flop (didn't bet)
Seat 4: Evelexy1 (small blind) showed [Th Qh] and won ($12.84) with a pair of Tens
Seat 5: Poker9803 (big blind) folded on the Turn
Seat 6: AlexPinsk1 folded before Flop (didn't bet)



PokerStars Hand #254487083047:  Hold'em No Limit ($0.50/$1.00 USD) - 2025/01/21 18:27:44 WET [2025/01/21 13:27:44 ET]
Table 'Arrakis IV' 6-max Seat #4 is the button
Seat 1: Marjuss26 ($59.12 in chips) 
Seat 2: ptolejmus ($24.16 in chips) 
Seat 3: Gfoer ($102 in chips) 
Seat 4: Evelexy1 ($107.08 in chips) 
Seat 5: Poker9803 ($100 in chips) 
Seat 6: AlexPinsk1 ($101.50 in chips) 
Poker9803: posts small blind $0.50
AlexPinsk1: posts big blind $1
*** HOLE CARDS ***
Marjuss26: raises $1 to $2
ptolejmus: folds 
Gfoer: folds 
Evelexy1: folds 
Poker9803: folds 
AlexPinsk1: calls $1
*** FLOP *** [6d 9s 8s]
AlexPinsk1: checks 
Marjuss26: bets $2
AlexPinsk1: calls $2
*** TURN *** [6d 9s 8s] [5h]
AlexPinsk1: checks 
Marjuss26: bets $2
AlexPinsk1: raises $5 to $7
Marjuss26: folds 
Uncalled bet ($5) returned to AlexPinsk1
AlexPinsk1 collected $11.88 from pot
AlexPinsk1: doesn't show hand 
*** SUMMARY ***
Total pot $12.50 | Rake $0.62 
Board [6d 9s 8s 5h]
Seat 1: Marjuss26 folded on the Turn
Seat 2: ptolejmus folded before Flop (didn't bet)
Seat 3: Gfoer folded before Flop (didn't bet)
Seat 4: Evelexy1 (button) folded before Flop (didn't bet)
Seat 5: Poker9803 (small blind) folded before Flop
Seat 6: AlexPinsk1 (big blind) collected ($11.88)



PokerStars Hand #254487094845:  Hold'em No Limit ($0.50/$1.00 USD) - 2025/01/21 18:28:26 WET [2025/01/21 13:28:26 ET]
Table 'Arrakis IV' 6-max Seat #5 is the button
Seat 1: Marjuss26 ($53.12 in chips) 
Seat 2: ptolejmus ($24.16 in chips) 
Seat 3: Gfoer ($102 in chips) 
Seat 4: Evelexy1 ($107.08 in chips) 
Seat 5: Poker9803 ($100 in chips) 
Seat 6: AlexPinsk1 ($107.38 in chips) 
AlexPinsk1: posts small blind $0.50
Marjuss26: posts big blind $1
*** HOLE CARDS ***
ptolejmus: folds 
Gfoer: folds 
Evelexy1: folds 
Poker9803: folds 
AlexPinsk1: raises $2 to $3
Marjuss26: calls $2
*** FLOP *** [4d 2s Jc]
AlexPinsk1: checks 
Marjuss26: checks 
*** TURN *** [4d 2s Jc] [6d]
AlexPinsk1: checks 
Marjuss26: checks 
*** RIVER *** [4d 2s Jc 6d] [4c]
AlexPinsk1: bets $1.88
Marjuss26: calls $1.88
*** SHOW DOWN ***
AlexPinsk1: shows [Ac Kh] (a pair of Fours)
Marjuss26: shows [6s 9s] (two pair, Sixes and Fours)
Marjuss26 collected $9.27 from pot
*** SUMMARY ***
Total pot $9.76 | Rake $0.49 
Board [4d 2s Jc 6d 4c]
Seat 1: Marjuss26 (big blind) showed [6s 9s] and won ($9.27) with two pair, Sixes and Fours
Seat 2: ptolejmus folded before Flop (didn't bet)
Seat 3: Gfoer folded before Flop (didn't bet)
Seat 4: Evelexy1 folded before Flop (didn't bet)
Seat 5: Poker9803 (button) folded before Flop (didn't bet)
Seat 6: AlexPinsk1 (small blind) showed [Ac Kh] and lost with a pair of Fours



PokerStars Hand #254487107616:  Hold'em No Limit ($0.50/$1.00 USD) - 2025/01/21 18:29:12 WET [2025/01/21 13:29:12 ET]
Table 'Arrakis IV' 6-max Seat #6 is the button
Seat 1: Marjuss26 ($57.51 in chips) 
Seat 2: ptolejmus ($24.16 in chips) 
Seat 3: Gfoer ($102 in chips) 
Seat 4: Evelexy1 ($107.08 in chips) 
Seat 5: Poker9803 ($100 in chips) 
Seat 6: AlexPinsk1 ($102.50 in chips) 
Marjuss26: posts small blind $0.50
ptolejmus: posts big blind $1
*** HOLE CARDS ***
Gfoer: folds 
Evelexy1: folds 
Poker9803: folds 
AlexPinsk1: folds 
Marjuss26: calls $0.50
ptolejmus: checks 
*** FLOP *** [4h Qd 3d]
Marjuss26: bets $1
ptolejmus: folds 
Uncalled bet ($1) returned to Marjuss26
Marjuss26 collected $1.90 from pot
*** SUMMARY ***
Total pot $2 | Rake $0.10 
Board [4h Qd 3d]
Seat 1: Marjuss26 (small blind) collected ($1.90)
Seat 2: ptolejmus (big blind) folded on the Flop
Seat 3: Gfoer folded before Flop (didn't bet)
Seat 4: Evelexy1 folded before Flop (didn't bet)
Seat 5: Poker9803 folded before Flop (didn't bet)
Seat 6: AlexPinsk1 (button) folded before Flop (didn't bet)



PokerStars Hand #254487115865:  Hold'em No Limit ($0.50/$1.00 USD) - 2025/01/21 18:29:41 WET [2025/01/21 13:29:41 ET]
Table 'Arrakis IV' 6-max Seat #1 is the button
Seat 1: Marjuss26 ($58.41 in chips) 
Seat 2: ptolejmus ($23.16 in chips) 
Seat 3: Gfoer ($102 in chips) 
Seat 4: Evelexy1 ($107.08 in chips) 
Seat 5: Poker9803 ($100 in chips) 
Seat 6: AlexPinsk1 ($102.50 in chips) 
ptolejmus: posts small blind $0.50
Gfoer: posts big blind $1
*** HOLE CARDS ***
Evelexy1: raises $1 to $2
Poker9803: folds 
AlexPinsk1: folds 
Marjuss26: calls $2
ptolejmus: folds 
Gfoer: folds 
*** FLOP *** [2c 9c Qc]
Evelexy1: bets $1.30
Marjuss26: calls $1.30
*** TURN *** [2c 9c Qc] [Qd]
Evelexy1: bets $2.57
Marjuss26: calls $2.57
*** RIVER *** [2c 9c Qc Qd] [8s]
Evelexy1: bets $4.19
Marjuss26: calls $4.19
*** SHOW DOWN ***
Evelexy1: shows [Td Ts] (two pair, Queens and Tens)
Marjuss26: mucks hand 
Evelexy1 collected $20.54 from pot
*** SUMMARY ***
Total pot $21.62 | Rake $1.08 
Board [2c 9c Qc Qd 8s]
Seat 1: Marjuss26 (button) mucked
Seat 2: ptolejmus (small blind) folded before Flop
Seat 3: Gfoer (big blind) folded before Flop
Seat 4: Evelexy1 showed [Td Ts] and won ($20.54) with two pair, Queens and Tens
Seat 5: Poker9803 folded before Flop (didn't bet)
Seat 6: AlexPinsk1 folded before Flop (didn't bet)



PokerStars Hand #254487126920:  Hold'em No Limit ($0.50/$1.00 USD) - 2025/01/21 18:30:19 WET [2025/01/21 13:30:19 ET]
Table 'Arrakis IV' 6-max Seat #2 is the button
Seat 1: Marjuss26 ($48.35 in chips) 
Seat 2: ptolejmus ($22.66 in chips) 
Seat 3: Gfoer ($101 in chips) 
Seat 4: Evelexy1 ($117.56 in chips) 
Seat 5: Poker9803 ($100 in chips) 
Seat 6: AlexPinsk1 ($102.50 in chips) 
Gfoer: posts small blind $0.50
Evelexy1: posts big blind $1
*** HOLE CARDS ***
Poker9803: folds 
AlexPinsk1: folds 
Marjuss26: calls $1
ptolejmus: raises $1.50 to $2.50
Gfoer: folds 
Evelexy1: folds 
Marjuss26: calls $1.50
*** FLOP *** [9h 2c 6c]
Marjuss26: bets $45.85 and is all-in
ptolejmus: folds 
Uncalled bet ($45.85) returned to Marjuss26
Marjuss26 collected $6.18 from pot
*** SUMMARY ***
Total pot $6.50 | Rake $0.32 
Board [9h 2c 6c]
Seat 1: Marjuss26 collected ($6.18)
Seat 2: ptolejmus (button) folded on the Flop
Seat 3: Gfoer (small blind) folded before Flop
Seat 4: Evelexy1 (big blind) folded before Flop
Seat 5: Poker9803 folded before Flop (didn't bet)
Seat 6: AlexPinsk1 folded before Flop (didn't bet)



PokerStars Hand #254487138738:  Hold'em No Limit ($0.50/$1.00 USD) - 2025/01/21 18:31:01 WET [2025/01/21 13:31:01 ET]
Table 'Arrakis IV' 6-max Seat #3 is the button
Seat 1: Marjuss26 ($52.03 in chips) 
Seat 2: ptolejmus ($20.16 in chips) 
Seat 3: Gfoer ($100.50 in chips) 
Seat 4: Evelexy1 ($116.56 in chips) 
Seat 5: Poker9803 ($100 in chips) 
Seat 6: AlexPinsk1 ($102.50 in chips) 
Evelexy1: posts small blind $0.50
Poker9803: posts big blind $1
*** HOLE CARDS ***
AlexPinsk1: folds 
Marjuss26: calls $1
ptolejmus: raises $1 to $2
Gfoer: folds 
Evelexy1: folds 
Poker9803: calls $1
Marjuss26: calls $1
*** FLOP *** [5s 8s Jc]
Poker9803: checks 
Marjuss26: checks 
ptolejmus: bets $4.64
Poker9803: folds 
Marjuss26: folds 
Uncalled bet ($4.64) returned to ptolejmus
ptolejmus collected $6.18 from pot
*** SUMMARY ***
Total pot $6.50 | Rake $0.32 
Board [5s 8s Jc]
Seat 1: Marjuss26 folded on the Flop
Seat 2: ptolejmus collected ($6.18)
Seat 3: Gfoer (button) folded before Flop (didn't bet)
Seat 4: Evelexy1 (small blind) folded before Flop
Seat 5: Poker9803 (big blind) folded on the Flop
Seat 6: AlexPinsk1 folded before Flop (didn't bet)



PokerStars Hand #254487147160:  Hold'em No Limit ($0.50/$1.00 USD) - 2025/01/21 18:31:30 WET [2025/01/21 13:31:30 ET]
Table 'Arrakis IV' 6-max Seat #4 is the button
Seat 1: Marjuss26 ($50.03 in chips) 
Seat 2: ptolejmus ($24.34 in chips) 
Seat 3: Gfoer ($100.50 in chips) 
Seat 4: Evelexy1 ($116.06 in chips) 
Seat 5: Poker9803 ($100 in chips) 
Seat 6: AlexPinsk1 ($102.50 in chips) 
Poker9803: posts small blind $0.50
AlexPinsk1: posts big blind $1
*** HOLE CARDS ***
Marjuss26: raises $2.50 to $3.50
ptolejmus: folds 
Gfoer: folds 
Evelexy1: folds 
Poker9803: folds 
AlexPinsk1: folds 
Uncalled bet ($2.50) returned to Marjuss26
Marjuss26 collected $2.50 from pot
*** SUMMARY ***
Total pot $2.50 | Rake $0 
Seat 1: Marjuss26 collected ($2.50)
Seat 2: ptolejmus folded before Flop (didn't bet)
Seat 3: Gfoer folded before Flop (didn't bet)
Seat 4: Evelexy1 (button) folded before Flop (didn't bet)
Seat 5: Poker9803 (small blind) folded before Flop
Seat 6: AlexPinsk1 (big blind) folded before Flop



PokerStars Hand #254487151709:  Hold'em No Limit ($0.50/$1.00 USD) - 2025/01/21 18:31:46 WET [2025/01/21 13:31:46 ET]
Table 'Arrakis IV' 6-max Seat #5 is the button
Seat 1: Marjuss26 ($51.53 in chips) 
Seat 2: ptolejmus ($24.34 in chips) 
Seat 3: Gfoer ($100.50 in chips) 
Seat 4: Evelexy1 ($116.06 in chips) 
Seat 5: Poker9803 ($100 in chips) 
Seat 6: AlexPinsk1 ($101.50 in chips) 
AlexPinsk1: posts small blind $0.50
Marjuss26: posts big blind $1
*** HOLE CARDS ***
ptolejmus: folds 
Gfoer: folds 
Evelexy1: folds 
Poker9803: folds 
AlexPinsk1: raises $2 to $3
Marjuss26: folds 
Uncalled bet ($2) returned to AlexPinsk1
AlexPinsk1 collected $2 from pot
AlexPinsk1: doesn't show hand 
*** SUMMARY ***
Total pot $2 | Rake $0 
Seat 1: Marjuss26 (big blind) folded before Flop
Seat 2: ptolejmus folded before Flop (didn't bet)
Seat 3: Gfoer folded before Flop (didn't bet)
Seat 4: Evelexy1 folded before Flop (didn't bet)
Seat 5: Poker9803 (button) folded before Flop (didn't bet)
Seat 6: AlexPinsk1 (small blind) collected ($2)



PokerStars Hand #254487156105:  Hold'em No Limit ($0.50/$1.00 USD) - 2025/01/21 18:32:02 WET [2025/01/21 13:32:02 ET]
Table 'Arrakis IV' 6-max Seat #6 is the button
Seat 1: Marjuss26 ($50.53 in chips) 
Seat 2: ptolejmus ($24.34 in chips) 
Seat 3: Gfoer ($100.50 in chips) 
Seat 4: Evelexy1 ($116.06 in chips) 
Seat 5: Poker9803 ($100 in chips) 
Seat 6: AlexPinsk1 ($102.50 in chips) 
Marjuss26: posts small blind $0.50
ptolejmus: posts big blind $1
*** HOLE CARDS ***
Gfoer: folds 
Evelexy1: folds 
Poker9803: folds 
AlexPinsk1: raises $1.50 to $2.50
Marjuss26: folds 
ptolejmus: folds 
Uncalled bet ($1.50) returned to AlexPinsk1
AlexPinsk1 collected $2.50 from pot
AlexPinsk1: doesn't show hand 
*** SUMMARY ***
Total pot $2.50 | Rake $0 
Seat 1: Marjuss26 (small blind) folded before Flop
Seat 2: ptolejmus (big blind) folded before Flop
Seat 3: Gfoer folded before Flop (didn't bet)
Seat 4: Evelexy1 folded before Flop (didn't bet)
Seat 5: Poker9803 folded before Flop (didn't bet)
Seat 6: AlexPinsk1 (button) collected ($2.50)



PokerStars Hand #254487163756:  Hold'em No Limit ($0.50/$1.00 USD) - 2025/01/21 18:32:28 WET [2025/01/21 13:32:28 ET]
Table 'Arrakis IV' 6-max Seat #1 is the button
Seat 1: Marjuss26 ($50.03 in chips) 
Seat 2: ptolejmus ($23.34 in chips) 
Seat 3: Gfoer ($100.50 in chips) 
Seat 4: Evelexy1 ($116.06 in chips) 
Seat 5: Poker9803 ($100 in chips) 
Seat 6: AlexPinsk1 ($104 in chips) 
ptolejmus: posts small blind $0.50
Gfoer: posts big blind $1
*** HOLE CARDS ***
Evelexy1: folds 
Poker9803: raises $1 to $2
AlexPinsk1: raises $5.50 to $7.50
Marjuss26: folds 
ptolejmus: folds 
Gfoer: folds 
Poker9803: calls $5.50
*** FLOP *** [Ts 5h Jc]
Poker9803: checks 
AlexPinsk1: bets $5.17
Poker9803: calls $5.17
*** TURN *** [Ts 5h Jc] [9c]
Poker9803: checks 
AlexPinsk1: checks 
*** RIVER *** [Ts 5h Jc 9c] [7s]
Poker9803: bets $25.50
AlexPinsk1: folds 
Uncalled bet ($25.50) returned to Poker9803
Poker9803 collected $25.50 from pot
Poker9803: doesn't show hand 
*** SUMMARY ***
Total pot $26.84 | Rake $1.34 
Board [Ts 5h Jc 9c 7s]
Seat 1: Marjuss26 (button) folded before Flop (didn't bet)
Seat 2: ptolejmus (small blind) folded before Flop
Seat 3: Gfoer (big blind) folded before Flop
Seat 4: Evelexy1 folded before Flop (didn't bet)
Seat 5: Poker9803 collected ($25.50)
Seat 6: AlexPinsk1 folded on the River



PokerStars Hand #254487190691:  Hold'em No Limit ($0.50/$1.00 USD) - 2025/01/21 18:34:02 WET [2025/01/21 13:34:02 ET]
Table 'Arrakis IV' 6-max Seat #2 is the button
Seat 1: Marjuss26 ($50.03 in chips) 
Seat 2: ptolejmus ($22.84 in chips) 
Seat 3: Gfoer ($100 in chips) 
Seat 4: Evelexy1 ($116.06 in chips) 
Seat 5: Poker9803 ($112.83 in chips) 
Seat 6: AlexPinsk1 ($100 in chips) 
Gfoer: posts small blind $0.50
Evelexy1: posts big blind $1
*** HOLE CARDS ***
Poker9803: folds 
AlexPinsk1: folds 
Marjuss26: calls $1
ptolejmus: folds 
Gfoer: folds 
Evelexy1: checks 
*** FLOP *** [Kd 9h 5c]
Evelexy1: checks 
Marjuss26: checks 
*** TURN *** [Kd 9h 5c] [7d]
Evelexy1: bets $1
Marjuss26: calls $1
*** RIVER *** [Kd 9h 5c 7d] [2s]
Evelexy1: checks 
Marjuss26: checks 
*** SHOW DOWN ***
Evelexy1: shows [3s 7h] (a pair of Sevens)
Marjuss26: mucks hand 
Evelexy1 collected $4.28 from pot
*** SUMMARY ***
Total pot $4.50 | Rake $0.22 
Board [Kd 9h 5c 7d 2s]
Seat 1: Marjuss26 mucked
Seat 2: ptolejmus (button) folded before Flop (didn't bet)
Seat 3: Gfoer (small blind) folded before Flop
Seat 4: Evelexy1 (big blind) showed [3s 7h] and won ($4.28) with a pair of Sevens
Seat 5: Poker9803 folded before Flop (didn't bet)
Seat 6: AlexPinsk1 folded before Flop (didn't bet)



PokerStars Hand #254487203677:  Hold'em No Limit ($0.50/$1.00 USD) - 2025/01/21 18:34:47 WET [2025/01/21 13:34:47 ET]
Table 'Arrakis IV' 6-max Seat #3 is the button
Seat 1: Marjuss26 ($48.03 in chips) 
Seat 2: ptolejmus ($22.84 in chips) 
Seat 3: Gfoer ($100 in chips) 
Seat 4: Evelexy1 ($118.34 in chips) 
Seat 5: Poker9803 ($112.83 in chips) 
Seat 6: AlexPinsk1 ($100 in chips) 
Evelexy1: posts small blind $0.50
Poker9803: posts big blind $1
*** HOLE CARDS ***
AlexPinsk1: folds 
Marjuss26: raises $1 to $2
ptolejmus: folds 
Gfoer: folds 
Evelexy1: folds 
Poker9803: raises $8 to $10
Marjuss26: folds 
Uncalled bet ($8) returned to Poker9803
Poker9803 collected $4.50 from pot
Poker9803: doesn't show hand 
*** SUMMARY ***
Total pot $4.50 | Rake $0 
Seat 1: Marjuss26 folded before Flop
Seat 2: ptolejmus folded before Flop (didn't bet)
Seat 3: Gfoer (button) folded before Flop (didn't bet)
Seat 4: Evelexy1 (small blind) folded before Flop
Seat 5: Poker9803 (big blind) collected ($4.50)
Seat 6: AlexPinsk1 folded before Flop (didn't bet)



PokerStars Hand #254487211326:  Hold'em No Limit ($0.50/$1.00 USD) - 2025/01/21 18:35:13 WET [2025/01/21 13:35:13 ET]
Table 'Arrakis IV' 6-max Seat #4 is the button
Seat 1: Marjuss26 ($46.03 in chips) 
Seat 2: ptolejmus ($22.84 in chips) 
Seat 3: Gfoer ($100 in chips) 
Seat 4: Evelexy1 ($117.84 in chips) 
Seat 5: Poker9803 ($115.33 in chips) 
Seat 6: AlexPinsk1 ($100 in chips) 
Poker9803: posts small blind $0.50
AlexPinsk1: posts big blind $1
*** HOLE CARDS ***
Marjuss26: calls $1
ptolejmus: folds 
Gfoer: folds 
Evelexy1: raises $3 to $4
Poker9803: folds 
AlexPinsk1: folds 
Marjuss26: calls $3
*** FLOP *** [Ad 5d 7s]
Marjuss26: checks 
Evelexy1: checks 
*** TURN *** [Ad 5d 7s] [Qc]
Marjuss26: checks 
Evelexy1: bets $3.01
Marjuss26: folds 
Uncalled bet ($3.01) returned to Evelexy1
Evelexy1 collected $9.02 from pot
Evelexy1: doesn't show hand 
*** SUMMARY ***
Total pot $9.50 | Rake $0.48 
Board [Ad 5d 7s Qc]
Seat 1: Marjuss26 folded on the Turn
Seat 2: ptolejmus folded before Flop (didn't bet)
Seat 3: Gfoer folded before Flop (didn't bet)
Seat 4: Evelexy1 (button) collected ($9.02)
Seat 5: Poker9803 (small blind) folded before Flop
Seat 6: AlexPinsk1 (big blind) folded before Flop



PokerStars Hand #254487220008:  Hold'em No Limit ($0.50/$1.00 USD) - 2025/01/21 18:35:43 WET [2025/01/21 13:35:43 ET]
Table 'Arrakis IV' 6-max Seat #5 is the button
Seat 1: Marjuss26 ($42.03 in chips) 
Seat 2: ptolejmus ($22.84 in chips) 
Seat 3: Gfoer ($100 in chips) 
Seat 4: Evelexy1 ($122.86 in chips) 
Seat 5: Poker9803 ($114.83 in chips) 
Seat 6: AlexPinsk1 ($100 in chips) 
AlexPinsk1: posts small blind $0.50
Marjuss26: posts big blind $1
*** HOLE CARDS ***
ptolejmus: folds 
Gfoer: folds 
Evelexy1: raises $1.50 to $2.50
Poker9803: raises $6 to $8.50
AlexPinsk1: folds 
Marjuss26: calls $7.50
Evelexy1: calls $6
*** FLOP *** [3d 2s 2c]
Marjuss26: checks 
Evelexy1: checks 
Poker9803: bets $8.15
Marjuss26: folds 
Evelexy1: calls $8.15
*** TURN *** [3d 2s 2c] [As]
Evelexy1: checks 
Poker9803: bets $20.09
Evelexy1: folds 
Uncalled bet ($20.09) returned to Poker9803
Poker9803 collected $40.18 from pot
Poker9803: doesn't show hand 
*** SUMMARY ***
Total pot $42.30 | Rake $2.12 
Board [3d 2s 2c As]
Seat 1: Marjuss26 (big blind) folded on the Flop
Seat 2: ptolejmus folded before Flop (didn't bet)
Seat 3: Gfoer folded before Flop (didn't bet)
Seat 4: Evelexy1 folded on the Turn
Seat 5: Poker9803 (button) collected ($40.18)
Seat 6: AlexPinsk1 (small blind) folded before Flop



PokerStars Hand #254487231017:  Hold'em No Limit ($0.50/$1.00 USD) - 2025/01/21 18:36:20 WET [2025/01/21 13:36:20 ET]
Table 'Arrakis IV' 6-max Seat #6 is the button
Seat 1: Marjuss26 ($33.53 in chips) 
Seat 2: ptolejmus ($22.84 in chips) 
Seat 3: Gfoer ($100 in chips) 
Seat 4: Evelexy1 ($106.21 in chips) 
Seat 5: Poker9803 ($138.36 in chips) 
Seat 6: AlexPinsk1 ($100 in chips) 
Marjuss26: posts small blind $0.50
ptolejmus: posts big blind $1
*** HOLE CARDS ***
Gfoer: raises $1.20 to $2.20
Evelexy1: folds 
Poker9803: folds 
AlexPinsk1: raises $4.80 to $7
Marjuss26: folds 
ptolejmus: folds 
Gfoer: folds 
Uncalled bet ($4.80) returned to AlexPinsk1
AlexPinsk1 collected $5.90 from pot
AlexPinsk1: doesn't show hand 
*** SUMMARY ***
Total pot $5.90 | Rake $0 
Seat 1: Marjuss26 (small blind) folded before Flop
Seat 2: ptolejmus (big blind) folded before Flop
Seat 3: Gfoer folded before Flop
Seat 4: Evelexy1 folded before Flop (didn't bet)
Seat 5: Poker9803 folded before Flop (didn't bet)
Seat 6: AlexPinsk1 (button) collected ($5.90)



PokerStars Hand #254487240522:  Hold'em No Limit ($0.50/$1.00 USD) - 2025/01/21 18:36:53 WET [2025/01/21 13:36:53 ET]
Table 'Arrakis IV' 6-max Seat #1 is the button
Seat 1: Marjuss26 ($33.03 in chips) 
Seat 2: ptolejmus ($21.84 in chips) 
Seat 3: Gfoer ($100 in chips) 
Seat 4: Evelexy1 ($106.21 in chips) 
Seat 5: Poker9803 ($138.36 in chips) 
Seat 6: AlexPinsk1 ($103.70 in chips) 
ptolejmus: posts small blind $0.50
Gfoer: posts big blind $1
*** HOLE CARDS ***
Evelexy1: folds 
Poker9803: folds 
AlexPinsk1: folds 
Marjuss26: calls $1
ptolejmus: folds 
Gfoer: raises $4 to $5
Marjuss26: calls $4
*** FLOP *** [6h 3d 2h]
Gfoer: checks 
Marjuss26: bets $28.03 and is all-in
Gfoer: folds 
Uncalled bet ($28.03) returned to Marjuss26
Marjuss26 collected $9.98 from pot
*** SUMMARY ***
Total pot $10.50 | Rake $0.52 
Board [6h 3d 2h]
Seat 1: Marjuss26 (button) collected ($9.98)
Seat 2: ptolejmus (small blind) folded before Flop
Seat 3: Gfoer (big blind) folded on the Flop
Seat 4: Evelexy1 folded before Flop (didn't bet)
Seat 5: Poker9803 folded before Flop (didn't bet)
Seat 6: AlexPinsk1 folded before Flop (didn't bet)



PokerStars Hand #254487249581:  Hold'em No Limit ($0.50/$1.00 USD) - 2025/01/21 18:37:24 WET [2025/01/21 13:37:24 ET]
Table 'Arrakis IV' 6-max Seat #2 is the button
Seat 1: Marjuss26 ($38.01 in chips) 
Seat 2: ptolejmus ($21.34 in chips) 
Seat 3: Gfoer ($100 in chips) 
Seat 4: Evelexy1 ($106.21 in chips) 
Seat 5: Poker9803 ($138.36 in chips) 
Seat 6: AlexPinsk1 ($103.70 in chips) 
Gfoer: posts small blind $0.50
Evelexy1: posts big blind $1
*** HOLE CARDS ***
Poker9803: raises $1 to $2
AlexPinsk1: folds 
Marjuss26: folds 
ptolejmus: folds 
Gfoer: raises $10 to $12
Evelexy1: folds 
Poker9803: calls $10
*** FLOP *** [4d 9d 8c]
Gfoer: checks 
Poker9803: bets $7.84
Gfoer: calls $7.84
*** TURN *** [4d 9d 8c] [2c]
Gfoer: checks 
Poker9803: bets $19.32
Gfoer: calls $19.32
*** RIVER *** [4d 9d 8c 2c] [3s]
Gfoer: checks 
Poker9803: bets $99.20 and is all-in
Gfoer: folds 
Uncalled bet ($99.20) returned to Poker9803
Poker9803 collected $76.82 from pot
Poker9803: doesn't show hand 
*** SUMMARY ***
Total pot $79.32 | Rake $2.50 
Board [4d 9d 8c 2c 3s]
Seat 1: Marjuss26 folded before Flop (didn't bet)
Seat 2: ptolejmus (button) folded before Flop (didn't bet)
Seat 3: Gfoer (small blind) folded on the River
Seat 4: Evelexy1 (big blind) folded before Flop
Seat 5: Poker9803 collected ($76.82)
Seat 6: AlexPinsk1 folded before Flop (didn't bet)



PokerStars Hand #254487282430:  Hold'em No Limit ($0.50/$1.00 USD) - 2025/01/21 18:39:15 WET [2025/01/21 13:39:15 ET]
Table 'Arrakis IV' 6-max Seat #3 is the button
Seat 1: Marjuss26 ($38.01 in chips) 
Seat 2: ptolejmus ($21.34 in chips) 
Seat 3: Gfoer ($100 in chips) 
Seat 4: Evelexy1 ($105.21 in chips) 
Seat 5: Poker9803 ($176.02 in chips) 
Seat 6: AlexPinsk1 ($103.70 in chips) 
Evelexy1: posts small blind $0.50
Poker9803: posts big blind $1
*** HOLE CARDS ***
AlexPinsk1: folds 
Marjuss26: raises $1 to $2
ptolejmus: folds 
Gfoer: folds 
Evelexy1: folds 
Poker9803: folds 
Uncalled bet ($1) returned to Marjuss26
Evelexy1 leaves the table
Marjuss26 collected $2.50 from pot
*** SUMMARY ***
Total pot $2.50 | Rake $0 
Seat 1: Marjuss26 collected ($2.50)
Seat 2: ptolejmus folded before Flop (didn't bet)
Seat 3: Gfoer (button) folded before Flop (didn't bet)
Seat 4: Evelexy1 (small blind) folded before Flop
Seat 5: Poker9803 (big blind) folded before Flop
Seat 6: AlexPinsk1 folded before Flop (didn't bet)



PokerStars Hand #254487285685:  Hold'em No Limit ($0.50/$1.00 USD) - 2025/01/21 18:39:26 WET [2025/01/21 13:39:26 ET]
Table 'Arrakis IV' 6-max Seat #5 is the button
Seat 1: Marjuss26 ($39.51 in chips) 
Seat 2: ptolejmus ($21.34 in chips) 
Seat 3: Gfoer ($100 in chips) 
Seat 5: Poker9803 ($175.02 in chips) 
Seat 6: AlexPinsk1 ($103.70 in chips) 
AlexPinsk1: posts small blind $0.50
Marjuss26: posts big blind $1
*** HOLE CARDS ***
ptolejmus: folds 
Gfoer: raises $1.20 to $2.20
Poker9803: folds 
AlexPinsk1: folds 
sta$igk joins the table at seat #4 
Marjuss26: calls $1.20
*** FLOP *** [Kd Jc Tc]
Marjuss26: bets $4.66
Gfoer: calls $4.66
*** TURN *** [Kd Jc Tc] [5h]
Marjuss26: bets $32.65 and is all-in
Gfoer: calls $32.65
*** RIVER *** [Kd Jc Tc 5h] [6c]
*** SHOW DOWN ***
Marjuss26: shows [Qd 4d] (high card King)
Gfoer: shows [Kh 8h] (a pair of Kings)
Gfoer collected $77.02 from pot
*** SUMMARY ***
Total pot $79.52 | Rake $2.50 
Board [Kd Jc Tc 5h 6c]
Seat 1: Marjuss26 (big blind) showed [Qd 4d] and lost with high card King
Seat 2: ptolejmus folded before Flop (didn't bet)
Seat 3: Gfoer showed [Kh 8h] and won ($77.02) with a pair of Kings
Seat 5: Poker9803 (button) folded before Flop (didn't bet)
Seat 6: AlexPinsk1 (small blind) folded before Flop



PokerStars Hand #254487302772:  Hold'em No Limit ($0.50/$1.00 USD) - 2025/01/21 18:40:26 WET [2025/01/21 13:40:26 ET]
Table 'Arrakis IV' 6-max Seat #6 is the button
Seat 1: Marjuss26 ($0 in chips) is sitting out
Seat 4: sta$igk ($100 in chips) is sitting out
Seat 2: ptolejmus ($21.34 in chips) 
Seat 3: Gfoer ($137.51 in chips) 
Seat 5: Poker9803 ($175.02 in chips) 
Seat 6: AlexPinsk1 ($103.20 in chips) 
ptolejmus: posts small blind $0.50
Gfoer: posts big blind $1
sta$igk: sits out 
*** HOLE CARDS ***
Poker9803: raises $1.50 to $2.50
AlexPinsk1: folds 
Marjuss26 leaves the table
ptolejmus: folds 
Gfoer: folds 
Uncalled bet ($1.50) returned to Poker9803
Gfoer leaves the table
Poker9803 collected $2.50 from pot
Poker9803: doesn't show hand 
*** SUMMARY ***
Total pot $2.50 | Rake $0 
Seat 1: Marjuss26
Seat 4: sta$igk
Seat 2: ptolejmus (small blind) folded before Flop
Seat 3: Gfoer (big blind) folded before Flop
Seat 5: Poker9803 collected ($2.50)
Seat 6: AlexPinsk1 (button) folded before Flop (didn't bet)



PokerStars Hand #254487309818:  Hold'em No Limit ($0.50/$1.00 USD) - 2025/01/21 18:40:49 WET [2025/01/21 13:40:49 ET]
Table 'Arrakis IV' 6-max Seat #2 is the button
Seat 4: sta$igk ($100 in chips) is sitting out
Seat 2: ptolejmus ($20.84 in chips) 
Seat 5: Poker9803 ($176.52 in chips) 
Seat 6: AlexPinsk1 ($103.20 in chips) 
Poker9803: posts small blind $0.50
AlexPinsk1: posts big blind $1
*** HOLE CARDS ***
z00mba joins the table at seat #3 
vugla83 joins the table at seat #1 
vugla83 is disconnected 
ptolejmus: raises $1 to $2
Poker9803: folds 
AlexPinsk1: folds 
Uncalled bet ($1) returned to ptolejmus
ptolejmus collected $2.50 from pot
*** SUMMARY ***
Total pot $2.50 | Rake $0 
Seat 4: sta$igk
Seat 2: ptolejmus (button) collected ($2.50)
Seat 5: Poker9803 (small blind) folded before Flop
Seat 6: AlexPinsk1 (big blind) folded before Flop



PokerStars Hand #254487316704:  Hold'em No Limit ($0.50/$1.00 USD) - 2025/01/21 18:41:13 WET [2025/01/21 13:41:13 ET]
Table 'Arrakis IV' 6-max Seat #5 is the button
Seat 3: z00mba ($100 in chips) is sitting out
Seat 4: sta$igk ($100 in chips) is sitting out
Seat 1: vugla83 ($27.85 in chips) 
Seat 2: ptolejmus ($22.34 in chips) 
Seat 5: Poker9803 ($176.02 in chips) 
Seat 6: AlexPinsk1 ($102.20 in chips) 
AlexPinsk1: posts small blind $0.50
vugla83: posts big blind $1
z00mba: sits out 
sta$igk: sits out 
*** HOLE CARDS ***
ptolejmus: folds 
Poker9803: folds 
AlexPinsk1: raises $1 to $2
vugla83: calls $1
*** FLOP *** [5d 5s Ac]
AlexPinsk1: checks 
ptolejmus leaves the table
vugla83: bets $1
AlexPinsk1: calls $1
*** TURN *** [5d 5s Ac] [3h]
AlexPinsk1: checks 
vugla83: checks 
*** RIVER *** [5d 5s Ac 3h] [8c]
AlexPinsk1: checks 
vugla83: checks 
joaquin612 joins the table at seat #2 
*** SHOW DOWN ***
AlexPinsk1: shows [Kc 9d] (a pair of Fives)
vugla83: mucks hand 
AlexPinsk1 collected $5.70 from pot
*** SUMMARY ***
Total pot $6 | Rake $0.30 
Board [5d 5s Ac 3h 8c]
Seat 3: z00mba
Seat 4: sta$igk
Seat 1: vugla83 (big blind) mucked
Seat 2: ptolejmus folded before Flop (didn't bet)
Seat 5: Poker9803 (button) folded before Flop (didn't bet)
Seat 6: AlexPinsk1 (small blind) showed [Kc 9d] and won ($5.70) with a pair of Fives



PokerStars Hand #254487331868:  Hold'em No Limit ($0.50/$1.00 USD) - 2025/01/21 18:42:05 WET [2025/01/21 13:42:05 ET]
Table 'Arrakis IV' 6-max Seat #6 is the button
Seat 3: z00mba ($100 in chips) is sitting out
Seat 4: sta$igk ($100 in chips) is sitting out
Seat 1: vugla83 ($24.85 in chips) 
Seat 2: joaquin612 ($100 in chips) 
Seat 5: Poker9803 ($176.02 in chips) 
Seat 6: AlexPinsk1 ($104.90 in chips) 
vugla83: posts small blind $0.50
joaquin612: posts big blind $1
z00mba: sits out 
sta$igk: sits out 
*** HOLE CARDS ***
Poker9803: raises $1.50 to $2.50
AlexPinsk1: folds 
vugla83: calls $2
joaquin612: folds 
*** FLOP *** [2c 3d 8h]
vugla83: checks 
Poker9803: bets $1.88
vugla83: calls $1.88
*** TURN *** [2c 3d 8h] [9s]
vugla83: bets $20.47 and is all-in
Poker9803: folds 
Uncalled bet ($20.47) returned to vugla83
vugla83 collected $9.27 from pot
*** SUMMARY ***
Total pot $9.76 | Rake $0.49 
Board [2c 3d 8h 9s]
Seat 3: z00mba
Seat 4: sta$igk
Seat 1: vugla83 (small blind) collected ($9.27)
Seat 2: joaquin612 (big blind) folded before Flop
Seat 5: Poker9803 folded on the Turn
Seat 6: AlexPinsk1 (button) folded before Flop (didn't bet)



PokerStars Hand #254487343553:  Hold'em No Limit ($0.50/$1.00 USD) - 2025/01/21 18:42:44 WET [2025/01/21 13:42:44 ET]
Table 'Arrakis IV' 6-max Seat #1 is the button
Seat 4: sta$igk ($100 in chips) is sitting out
Seat 1: vugla83 ($29.74 in chips) 
Seat 2: joaquin612 ($100 in chips) 
Seat 3: z00mba ($100 in chips) 
Seat 5: Poker9803 ($171.64 in chips) 
Seat 6: AlexPinsk1 ($104.90 in chips) 
joaquin612: posts small blind $0.50
z00mba: posts big blind $1
sta$igk: sits out 
*** HOLE CARDS ***
Poker9803: raises $1 to $2
AlexPinsk1: folds 
vugla83: folds 
joaquin612: folds 
z00mba: calls $1
*** FLOP *** [Jh 4c 8s]
z00mba: checks 
Poker9803: checks 
*** TURN *** [Jh 4c 8s] [8h]
z00mba: checks 
Poker9803: checks 
*** RIVER *** [Jh 4c 8s 8h] [Qd]
z00mba: bets $2.50
Poker9803: folds 
Uncalled bet ($2.50) returned to z00mba
z00mba collected $4.28 from pot
z00mba: doesn't show hand 
*** SUMMARY ***
Total pot $4.50 | Rake $0.22 
Board [Jh 4c 8s 8h Qd]
Seat 4: sta$igk
Seat 1: vugla83 (button) folded before Flop (didn't bet)
Seat 2: joaquin612 (small blind) folded before Flop
Seat 3: z00mba (big blind) collected ($4.28)
Seat 5: Poker9803 folded on the River
Seat 6: AlexPinsk1 folded before Flop (didn't bet)



PokerStars Hand #254487356131:  Hold'em No Limit ($0.50/$1.00 USD) - 2025/01/21 18:43:27 WET [2025/01/21 13:43:27 ET]
Table 'Arrakis IV' 6-max Seat #2 is the button
Seat 1: vugla83 ($29.74 in chips) 
Seat 2: joaquin612 ($100 in chips) 
Seat 3: z00mba ($102.28 in chips) 
Seat 4: sta$igk ($100 in chips) 
Seat 5: Poker9803 ($169.64 in chips) 
Seat 6: AlexPinsk1 ($104.90 in chips) 
z00mba: posts small blind $0.50
sta$igk: posts big blind $1
*** HOLE CARDS ***
Poker9803: folds 
AlexPinsk1: folds 
vugla83: calls $1
joaquin612: folds 
z00mba: calls $0.50
sta$igk: checks 
*** FLOP *** [3s As 6h]
z00mba: checks 
sta$igk: checks 
vugla83: checks 
*** TURN *** [3s As 6h] [7h]
z00mba: checks 
sta$igk: bets $5.70
vugla83: calls $5.70
z00mba: folds 
*** RIVER *** [3s As 6h 7h] [Ts]
sta$igk: bets $10.26
vugla83: folds 
Uncalled bet ($10.26) returned to sta$igk
sta$igk collected $13.68 from pot
sta$igk: doesn't show hand 
*** SUMMARY ***
Total pot $14.40 | Rake $0.72 
Board [3s As 6h 7h Ts]
Seat 1: vugla83 folded on the River
Seat 2: joaquin612 (button) folded before Flop (didn't bet)
Seat 3: z00mba (small blind) folded on the Turn
Seat 4: sta$igk (big blind) collected ($13.68)
Seat 5: Poker9803 folded before Flop (didn't bet)
Seat 6: AlexPinsk1 folded before Flop (didn't bet)



PokerStars Hand #254487374215:  Hold'em No Limit ($0.50/$1.00 USD) - 2025/01/21 18:44:30 WET [2025/01/21 13:44:30 ET]
Table 'Arrakis IV' 6-max Seat #3 is the button
Seat 1: vugla83 ($23.04 in chips) 
Seat 2: joaquin612 ($100 in chips) 
Seat 3: z00mba ($101.28 in chips) 
Seat 4: sta$igk ($106.98 in chips) 
Seat 5: Poker9803 ($169.64 in chips) 
Seat 6: AlexPinsk1 ($104.90 in chips) 
sta$igk: posts small blind $0.50
Poker9803: posts big blind $1
*** HOLE CARDS ***
AlexPinsk1: folds 
vugla83: calls $1
joaquin612: folds 
z00mba: folds 
sta$igk: folds 
Poker9803: checks 
*** FLOP *** [As 9s 2s]
Poker9803: checks 
vugla83: checks 
*** TURN *** [As 9s 2s] [8s]
Poker9803: checks 
vugla83: checks 
*** RIVER *** [As 9s 2s 8s] [Jd]
Poker9803: checks 
vugla83: checks 
*** SHOW DOWN ***
Poker9803: shows [5d Qc] (high card Ace)
vugla83: shows [8d 5c] (a pair of Eights)
vugla83 collected $2.38 from pot
*** SUMMARY ***
Total pot $2.50 | Rake $0.12 
Board [As 9s 2s 8s Jd]
Seat 1: vugla83 showed [8d 5c] and won ($2.38) with a pair of Eights
Seat 2: joaquin612 folded before Flop (didn't bet)
Seat 3: z00mba (button) folded before Flop (didn't bet)
Seat 4: sta$igk (small blind) folded before Flop
Seat 5: Poker9803 (big blind) showed [5d Qc] and lost with high card Ace
Seat 6: AlexPinsk1 folded before Flop (didn't bet)



PokerStars Hand #254487396041:  Hold'em No Limit ($0.50/$1.00 USD) - 2025/01/21 18:45:44 WET [2025/01/21 13:45:44 ET]
Table 'Arrakis IV' 6-max Seat #4 is the button
Seat 1: vugla83 ($24.42 in chips) 
Seat 2: joaquin612 ($100 in chips) 
Seat 3: z00mba ($101.28 in chips) 
Seat 4: sta$igk ($106.48 in chips) 
Seat 5: Poker9803 ($168.64 in chips) 
Seat 6: AlexPinsk1 ($104.90 in chips) 
Poker9803: posts small blind $0.50
AlexPinsk1: posts big blind $1
*** HOLE CARDS ***
vugla83: raises $2 to $3
joaquin612: folds 
z00mba: folds 
sta$igk: folds 
Poker9803: folds 
AlexPinsk1: folds 
Uncalled bet ($2) returned to vugla83
vugla83 collected $2.50 from pot
*** SUMMARY ***
Total pot $2.50 | Rake $0 
Seat 1: vugla83 collected ($2.50)
Seat 2: joaquin612 folded before Flop (didn't bet)
Seat 3: z00mba folded before Flop (didn't bet)
Seat 4: sta$igk (button) folded before Flop (didn't bet)
Seat 5: Poker9803 (small blind) folded before Flop
Seat 6: AlexPinsk1 (big blind) folded before Flop



PokerStars Hand #254487400931:  Hold'em No Limit ($0.50/$1.00 USD) - 2025/01/21 18:46:01 WET [2025/01/21 13:46:01 ET]
Table 'Arrakis IV' 6-max Seat #5 is the button
Seat 1: vugla83 ($25.92 in chips) 
Seat 2: joaquin612 ($100 in chips) 
Seat 3: z00mba ($101.28 in chips) 
Seat 4: sta$igk ($106.48 in chips) 
Seat 5: Poker9803 ($168.14 in chips) 
Seat 6: AlexPinsk1 ($103.90 in chips) 
AlexPinsk1: posts small blind $0.50
vugla83: posts big blind $1
*** HOLE CARDS ***
joaquin612: folds 
z00mba: folds 
sta$igk: raises $1 to $2
Poker9803: folds 
AlexPinsk1: folds 
vugla83 is disconnected 
vugla83 has timed out while disconnected
vugla83: folds 
Uncalled bet ($1) returned to sta$igk
sta$igk collected $2.50 from pot
sta$igk: doesn't show hand 
*** SUMMARY ***
Total pot $2.50 | Rake $0 
Seat 1: vugla83 (big blind) folded before Flop
Seat 2: joaquin612 folded before Flop (didn't bet)
Seat 3: z00mba folded before Flop (didn't bet)
Seat 4: sta$igk collected ($2.50)
Seat 5: Poker9803 (button) folded before Flop (didn't bet)
Seat 6: AlexPinsk1 (small blind) folded before Flop



PokerStars Hand #254487410059:  Hold'em No Limit ($0.50/$1.00 USD) - 2025/01/21 18:46:32 WET [2025/01/21 13:46:32 ET]
Table 'Arrakis IV' 6-max Seat #6 is the button
Seat 1: vugla83 ($24.92 in chips) is sitting out
Seat 2: joaquin612 ($100 in chips) 
Seat 3: z00mba ($101.28 in chips) 
Seat 4: sta$igk ($107.98 in chips) 
Seat 5: Poker9803 ($168.14 in chips) 
Seat 6: AlexPinsk1 ($103.40 in chips) 
joaquin612: posts small blind $0.50
z00mba: posts big blind $1
*** HOLE CARDS ***
sta$igk: folds 
Poker9803: folds 
AlexPinsk1: raises $1.50 to $2.50
joaquin612: folds 
z00mba: folds 
Uncalled bet ($1.50) returned to AlexPinsk1
AlexPinsk1 collected $2.50 from pot
AlexPinsk1: doesn't show hand 
*** SUMMARY ***
Total pot $2.50 | Rake $0 
Seat 1: vugla83
Seat 2: joaquin612 (small blind) folded before Flop
Seat 3: z00mba (big blind) folded before Flop
Seat 4: sta$igk folded before Flop (didn't bet)
Seat 5: Poker9803 folded before Flop (didn't bet)
Seat 6: AlexPinsk1 (button) collected ($2.50)



PokerStars Hand #254487415293:  Hold'em No Limit ($0.50/$1.00 USD) - 2025/01/21 18:46:50 WET [2025/01/21 13:46:50 ET]
Table 'Arrakis IV' 6-max Seat #2 is the button
Seat 1: vugla83 ($24.92 in chips) is sitting out
Seat 2: joaquin612 ($100 in chips) 
Seat 3: z00mba ($100.28 in chips) 
Seat 4: sta$igk ($107.98 in chips) 
Seat 5: Poker9803 ($168.14 in chips) 
Seat 6: AlexPinsk1 ($104.90 in chips) 
z00mba: posts small blind $0.50
sta$igk: posts big blind $1
*** HOLE CARDS ***
Poker9803: folds 
AlexPinsk1: folds 
joaquin612: raises $1.50 to $2.50
z00mba: folds 
sta$igk: folds 
Uncalled bet ($1.50) returned to joaquin612
joaquin612 collected $2.50 from pot
joaquin612: doesn't show hand 
*** SUMMARY ***
Total pot $2.50 | Rake $0 
Seat 1: vugla83
Seat 2: joaquin612 (button) collected ($2.50)
Seat 3: z00mba (small blind) folded before Flop
Seat 4: sta$igk (big blind) folded before Flop
Seat 5: Poker9803 folded before Flop (didn't bet)
Seat 6: AlexPinsk1 folded before Flop (didn't bet)



PokerStars Hand #254487419559:  Hold'em No Limit ($0.50/$1.00 USD) - 2025/01/21 18:47:05 WET [2025/01/21 13:47:05 ET]
Table 'Arrakis IV' 6-max Seat #3 is the button
Seat 1: vugla83 ($24.92 in chips) is sitting out
Seat 2: joaquin612 ($101.50 in chips) 
Seat 3: z00mba ($100 in chips) 
Seat 4: sta$igk ($106.98 in chips) 
Seat 5: Poker9803 ($168.14 in chips) 
Seat 6: AlexPinsk1 ($104.90 in chips) 
sta$igk: posts small blind $0.50
Poker9803: posts big blind $1
*** HOLE CARDS ***
AlexPinsk1: folds 
joaquin612: folds 
z00mba: raises $1.50 to $2.50
sta$igk: folds 
Poker9803: calls $1.50
*** FLOP *** [As Jh 7s]
Poker9803: checks 
z00mba: bets $3
Poker9803: calls $3
*** TURN *** [As Jh 7s] [Kc]
Poker9803: checks 
z00mba: checks 
*** RIVER *** [As Jh 7s Kc] [Jc]
Poker9803: checks 
z00mba: checks 
*** SHOW DOWN ***
Poker9803: shows [8h Ah] (two pair, Aces and Jacks)
z00mba: mucks hand 
Poker9803 collected $10.92 from pot
*** SUMMARY ***
Total pot $11.50 | Rake $0.58 
Board [As Jh 7s Kc Jc]
Seat 1: vugla83
Seat 2: joaquin612 folded before Flop (didn't bet)
Seat 3: z00mba (button) mucked
Seat 4: sta$igk (small blind) folded before Flop
Seat 5: Poker9803 (big blind) showed [8h Ah] and won ($10.92) with two pair, Aces and Jacks
Seat 6: AlexPinsk1 folded before Flop (didn't bet)



PokerStars Hand #254487430498:  Hold'em No Limit ($0.50/$1.00 USD) - 2025/01/21 18:47:43 WET [2025/01/21 13:47:43 ET]
Table 'Arrakis IV' 6-max Seat #4 is the button
Seat 1: vugla83 ($24.92 in chips) 
Seat 2: joaquin612 ($101.50 in chips) 
Seat 3: z00mba ($100 in chips) 
Seat 4: sta$igk ($106.48 in chips) 
Seat 5: Poker9803 ($173.56 in chips) 
Seat 6: AlexPinsk1 ($104.90 in chips) 
Poker9803: posts small blind $0.50
AlexPinsk1: posts big blind $1
vugla83: posts small blind $0.50
*** HOLE CARDS ***
vugla83: raises $3 to $4
joaquin612: folds 
z00mba: folds 
sta$igk: folds 
Poker9803: folds 
AlexPinsk1: folds 
Uncalled bet ($3) returned to vugla83
vugla83 collected $3 from pot
*** SUMMARY ***
Total pot $3 | Rake $0 
Seat 1: vugla83 collected ($3)
Seat 2: joaquin612 folded before Flop (didn't bet)
Seat 3: z00mba folded before Flop (didn't bet)
Seat 4: sta$igk (button) folded before Flop (didn't bet)
Seat 5: Poker9803 (small blind) folded before Flop
Seat 6: AlexPinsk1 (big blind) folded before Flop



PokerStars Hand #254487433982:  Hold'em No Limit ($0.50/$1.00 USD) - 2025/01/21 18:47:55 WET [2025/01/21 13:47:55 ET]
Table 'Arrakis IV' 6-max Seat #5 is the button
Seat 1: vugla83 ($26.42 in chips) 
Seat 2: joaquin612 ($101.50 in chips) 
Seat 3: z00mba ($100 in chips) 
Seat 4: sta$igk ($106.48 in chips) 
Seat 5: Poker9803 ($173.06 in chips) 
Seat 6: AlexPinsk1 ($103.90 in chips) 
AlexPinsk1: posts small blind $0.50
vugla83: posts big blind $1
*** HOLE CARDS ***
joaquin612: folds 
z00mba: folds 
sta$igk: raises $1 to $2
Poker9803: folds 
AlexPinsk1: folds 
vugla83: calls $1
*** FLOP *** [Js 6s 9h]
vugla83: checks 
sta$igk: bets $2.14
vugla83: calls $2.14
*** TURN *** [Js 6s 9h] [Ts]
vugla83: checks 
sta$igk: checks 
*** RIVER *** [Js 6s 9h Ts] [9d]
vugla83: checks 
sta$igk: checks 
*** SHOW DOWN ***
vugla83: shows [Kd 7h] (a pair of Nines)
sta$igk: shows [Th Kc] (two pair, Tens and Nines)
sta$igk collected $8.34 from pot
*** SUMMARY ***
Total pot $8.78 | Rake $0.44 
Board [Js 6s 9h Ts 9d]
Seat 1: vugla83 (big blind) showed [Kd 7h] and lost with a pair of Nines
Seat 2: joaquin612 folded before Flop (didn't bet)
Seat 3: z00mba folded before Flop (didn't bet)
Seat 4: sta$igk showed [Th Kc] and won ($8.34) with two pair, Tens and Nines
Seat 5: Poker9803 (button) folded before Flop (didn't bet)
Seat 6: AlexPinsk1 (small blind) folded before Flop



PokerStars Hand #254487446731:  Hold'em No Limit ($0.50/$1.00 USD) - 2025/01/21 18:48:38 WET [2025/01/21 13:48:38 ET]
Table 'Arrakis IV' 6-max Seat #6 is the button
Seat 1: vugla83 ($22.28 in chips) 
Seat 2: joaquin612 ($101.50 in chips) 
Seat 3: z00mba ($100 in chips) 
Seat 4: sta$igk ($110.68 in chips) 
Seat 5: Poker9803 ($173.06 in chips) 
Seat 6: AlexPinsk1 ($103.40 in chips) 
vugla83: posts small blind $0.50
joaquin612: posts big blind $1
*** HOLE CARDS ***
z00mba: folds 
sta$igk: folds 
Poker9803: folds 
AlexPinsk1: folds 
vugla83: folds 
Uncalled bet ($0.50) returned to joaquin612
joaquin612 collected $1 from pot
vugla83 leaves the table
joaquin612: doesn't show hand 
*** SUMMARY ***
Total pot $1 | Rake $0 
Seat 1: vugla83 (small blind) folded before Flop
Seat 2: joaquin612 (big blind) collected ($1)
Seat 3: z00mba folded before Flop (didn't bet)
Seat 4: sta$igk folded before Flop (didn't bet)
Seat 5: Poker9803 folded before Flop (didn't bet)
Seat 6: AlexPinsk1 (button) folded before Flop (didn't bet)



PokerStars Hand #254487450249:  Hold'em No Limit ($0.50/$1.00 USD) - 2025/01/21 18:48:50 WET [2025/01/21 13:48:50 ET]
Table 'Arrakis IV' 6-max Seat #2 is the button
Seat 2: joaquin612 ($102 in chips) 
Seat 3: z00mba ($100 in chips) 
Seat 4: sta$igk ($110.68 in chips) 
Seat 5: Poker9803 ($173.06 in chips) 
Seat 6: AlexPinsk1 ($103.40 in chips) 
z00mba: posts small blind $0.50
sta$igk: posts big blind $1
*** HOLE CARDS ***
michasia joins the table at seat #1 
Poker9803: folds 
AlexPinsk1: folds 
AlexPinsk1 leaves the table
joaquin612: folds 
z00mba: folds 
Uncalled bet ($0.50) returned to sta$igk
sta$igk collected $1 from pot
sta$igk: doesn't show hand 
*** SUMMARY ***
Total pot $1 | Rake $0 
Seat 2: joaquin612 (button) folded before Flop (didn't bet)
Seat 3: z00mba (small blind) folded before Flop
Seat 4: sta$igk (big blind) collected ($1)
Seat 5: Poker9803 folded before Flop (didn't bet)
Seat 6: AlexPinsk1 folded before Flop (didn't bet)



PokerStars Hand #254487454708:  Hold'em No Limit ($0.50/$1.00 USD) - 2025/01/21 18:49:05 WET [2025/01/21 13:49:05 ET]
Table 'Arrakis IV' 6-max Seat #3 is the button
Seat 1: michasia ($100 in chips) is sitting out
Seat 2: joaquin612 ($102 in chips) 
Seat 3: z00mba ($100 in chips) 
Seat 4: sta$igk ($111.18 in chips) 
Seat 5: Poker9803 ($173.06 in chips) 
sta$igk: posts small blind $0.50
Poker9803: posts big blind $1
michasia: sits out 
*** HOLE CARDS ***
joaquin612: folds 
michasia leaves the table
JUANS2 joins the table at seat #6 
z00mba: folds 
sta$igk: folds 
Uncalled bet ($0.50) returned to Poker9803
Poker9803 collected $1 from pot
Poker9803: doesn't show hand 
*** SUMMARY ***
Total pot $1 | Rake $0 
Seat 1: michasia
Seat 2: joaquin612 folded before Flop (didn't bet)
Seat 3: z00mba (button) folded before Flop (didn't bet)
Seat 4: sta$igk (small blind) folded before Flop
Seat 5: Poker9803 (big blind) collected ($1)



PokerStars Hand #254487457862:  Hold'em No Limit ($0.50/$1.00 USD) - 2025/01/21 18:49:16 WET [2025/01/21 13:49:16 ET]
Table 'Arrakis IV' 6-max Seat #4 is the button
Seat 6: JUANS2 ($100 in chips) is sitting out
Seat 2: joaquin612 ($102 in chips) 
Seat 3: z00mba ($100 in chips) 
Seat 4: sta$igk ($110.68 in chips) 
Seat 5: Poker9803 ($173.56 in chips) 
Poker9803: posts small blind $0.50
JUANS2: is sitting out 
JUANS2 leaves the table
joaquin612: posts big blind $1
*** HOLE CARDS ***
z00mba: folds 
sta$igk: folds 
Poker9803: folds 
Uncalled bet ($0.50) returned to joaquin612
joaquin612 collected $1 from pot
joaquin612: doesn't show hand 
*** SUMMARY ***
Total pot $1 | Rake $0 
Seat 6: JUANS2
Seat 2: joaquin612 (big blind) collected ($1)
Seat 3: z00mba folded before Flop (didn't bet)
Seat 4: sta$igk (button) folded before Flop (didn't bet)
Seat 5: Poker9803 (small blind) folded before Flop



PokerStars Hand #254487470153:  Hold'em No Limit ($0.50/$1.00 USD) - 2025/01/21 18:49:57 WET [2025/01/21 13:49:57 ET]
Table 'Arrakis IV' 6-max Seat #6 is the button
Seat 5: z00mba ($100 in chips) is sitting out
Seat 1: Manifestorr ($100 in chips) 
Seat 2: joaquin612 ($102.50 in chips) 
Seat 3: mertisor ($47.25 in chips) 
Seat 4: Eredar5 ($100 in chips) 
Seat 6: AlexPinsk1 ($103.40 in chips) 
Manifestorr: posts small blind $0.50
joaquin612: posts big blind $1
*** HOLE CARDS ***
mertisor: folds 
Eredar5: folds 
AlexPinsk1: folds 
Manifestorr: folds 
Uncalled bet ($0.50) returned to joaquin612
joaquin612 collected $1 from pot
joaquin612: doesn't show hand 
*** SUMMARY ***
Total pot $1 | Rake $0 
Seat 5: z00mba
Seat 1: Manifestorr (small blind) folded before Flop
Seat 2: joaquin612 (big blind) collected ($1)
Seat 3: mertisor folded before Flop (didn't bet)
Seat 4: Eredar5 folded before Flop (didn't bet)
Seat 6: AlexPinsk1 (button) folded before Flop (didn't bet)



PokerStars Hand #254487476289:  Hold'em No Limit ($0.50/$1.00 USD) - 2025/01/21 18:50:18 WET [2025/01/21 13:50:18 ET]
Table 'Arrakis IV' 6-max Seat #1 is the button
Seat 5: z00mba ($100 in chips) is sitting out
Seat 1: Manifestorr ($100 in chips) 
Seat 2: joaquin612 ($103 in chips) 
Seat 3: mertisor ($47.25 in chips) 
Seat 4: Eredar5 ($100 in chips) 
Seat 6: AlexPinsk1 ($103.40 in chips) 
joaquin612: posts small blind $0.50
mertisor: posts big blind $1
z00mba: sits out 
*** HOLE CARDS ***
Eredar5: folds 
AlexPinsk1: folds 
Manifestorr: folds 
joaquin612: raises $2 to $3
mertisor: calls $2
*** FLOP *** [Ah Jd 9s]
joaquin612: bets $3.14
mertisor: folds 
Uncalled bet ($3.14) returned to joaquin612
joaquin612 collected $5.70 from pot
joaquin612: doesn't show hand 
*** SUMMARY ***
Total pot $6 | Rake $0.30 
Board [Ah Jd 9s]
Seat 5: z00mba
Seat 1: Manifestorr (button) folded before Flop (didn't bet)
Seat 2: joaquin612 (small blind) collected ($5.70)
Seat 3: mertisor (big blind) folded on the Flop
Seat 4: Eredar5 folded before Flop (didn't bet)
Seat 6: AlexPinsk1 folded before Flop (didn't bet)



PokerStars Hand #254487483309:  Hold'em No Limit ($0.50/$1.00 USD) - 2025/01/21 18:50:42 WET [2025/01/21 13:50:42 ET]
Table 'Arrakis IV' 6-max Seat #2 is the button
Seat 5: z00mba ($100 in chips) is sitting out
Seat 1: Manifestorr ($100 in chips) 
Seat 2: joaquin612 ($105.70 in chips) 
Seat 3: mertisor ($44.25 in chips) 
Seat 4: Eredar5 ($100 in chips) 
Seat 6: AlexPinsk1 ($103.40 in chips) 
mertisor: posts small blind $0.50
Eredar5: posts big blind $1
z00mba: sits out 
*** HOLE CARDS ***
AlexPinsk1: folds 
Manifestorr: folds 
joaquin612: folds 
mertisor: raises $2 to $3
Eredar5: calls $2
*** FLOP *** [2s 7c 8c]
mertisor: bets $2.85
Eredar5: calls $2.85
*** TURN *** [2s 7c 8c] [3d]
mertisor: checks 
Eredar5: bets $6.12
mertisor: calls $6.12
*** RIVER *** [2s 7c 8c 3d] [6d]
mertisor: checks 
Eredar5: bets $7.73
mertisor: calls $7.73
*** SHOW DOWN ***
Eredar5: shows [Js 8s] (a pair of Eights)
mertisor: mucks hand 
Eredar5 collected $37.43 from pot
*** SUMMARY ***
Total pot $39.40 | Rake $1.97 
Board [2s 7c 8c 3d 6d]
Seat 5: z00mba
Seat 1: Manifestorr folded before Flop (didn't bet)
Seat 2: joaquin612 (button) folded before Flop (didn't bet)
Seat 3: mertisor (small blind) mucked
Seat 4: Eredar5 (big blind) showed [Js 8s] and won ($37.43) with a pair of Eights
Seat 6: AlexPinsk1 folded before Flop (didn't bet)



PokerStars Hand #254487506201:  Hold'em No Limit ($0.50/$1.00 USD) - 2025/01/21 18:52:00 WET [2025/01/21 13:52:00 ET]
Table 'Arrakis IV' 6-max Seat #3 is the button
Seat 1: Manifestorr ($100 in chips) 
Seat 2: joaquin612 ($105.70 in chips) 
Seat 3: mertisor ($24.55 in chips) 
Seat 4: Eredar5 ($117.73 in chips) 
Seat 5: z00mba ($100 in chips) 
Seat 6: AlexPinsk1 ($103.40 in chips) 
Eredar5: posts small blind $0.50
z00mba: posts big blind $1
*** HOLE CARDS ***
AlexPinsk1: folds 
Manifestorr: folds 
joaquin612: folds 
mertisor: raises $7 to $8
Eredar5: folds 
z00mba: folds 
Uncalled bet ($7) returned to mertisor
mertisor collected $2.50 from pot
*** SUMMARY ***
Total pot $2.50 | Rake $0 
Seat 1: Manifestorr folded before Flop (didn't bet)
Seat 2: joaquin612 folded before Flop (didn't bet)
Seat 3: mertisor (button) collected ($2.50)
Seat 4: Eredar5 (small blind) folded before Flop
Seat 5: z00mba (big blind) folded before Flop
Seat 6: AlexPinsk1 folded before Flop (didn't bet)



PokerStars Hand #254487513052:  Hold'em No Limit ($0.50/$1.00 USD) - 2025/01/21 18:52:25 WET [2025/01/21 13:52:25 ET]
Table 'Arrakis IV' 6-max Seat #4 is the button
Seat 1: Manifestorr ($100 in chips) 
Seat 2: joaquin612 ($105.70 in chips) 
Seat 3: mertisor ($26.05 in chips) 
Seat 4: Eredar5 ($117.23 in chips) 
Seat 5: z00mba ($100 in chips) 
Seat 6: AlexPinsk1 ($103.40 in chips) 
z00mba: posts small blind $0.50
AlexPinsk1: posts big blind $1
*** HOLE CARDS ***
Manifestorr: folds 
joaquin612: folds 
mertisor: folds 
Eredar5: folds 
z00mba: raises $2 to $3
AlexPinsk1: calls $2
*** FLOP *** [7h 7s 5c]
z00mba: checks 
AlexPinsk1: checks 
*** TURN *** [7h 7s 5c] [5h]
z00mba: checks 
AlexPinsk1: checks 
*** RIVER *** [7h 7s 5c 5h] [6d]
z00mba: checks 
AlexPinsk1: checks 
*** SHOW DOWN ***
z00mba: shows [Jc Td] (two pair, Sevens and Fives)
AlexPinsk1: shows [Kd Js] (two pair, Sevens and Fives - King kicker)
AlexPinsk1 collected $5.70 from pot
*** SUMMARY ***
Total pot $6 | Rake $0.30 
Board [7h 7s 5c 5h 6d]
Seat 1: Manifestorr folded before Flop (didn't bet)
Seat 2: joaquin612 folded before Flop (didn't bet)
Seat 3: mertisor folded before Flop (didn't bet)
Seat 4: Eredar5 (button) folded before Flop (didn't bet)
Seat 5: z00mba (small blind) showed [Jc Td] and lost with two pair, Sevens and Fives
Seat 6: AlexPinsk1 (big blind) showed [Kd Js] and won ($5.70) with two pair, Sevens and Fives



PokerStars Hand #254487531903:  Hold'em No Limit ($0.50/$1.00 USD) - 2025/01/21 18:53:28 WET [2025/01/21 13:53:28 ET]
Table 'Arrakis IV' 6-max Seat #5 is the button
Seat 1: Manifestorr ($100 in chips) 
Seat 2: joaquin612 ($105.70 in chips) 
Seat 3: mertisor ($100 in chips) 
Seat 4: Eredar5 ($117.23 in chips) 
Seat 5: z00mba ($100 in chips) 
Seat 6: AlexPinsk1 ($106.10 in chips) 
AlexPinsk1: posts small blind $0.50
Manifestorr: posts big blind $1
*** HOLE CARDS ***
joaquin612: folds 
mertisor: calls $1
Eredar5: folds 
z00mba: folds 
AlexPinsk1: folds 
Manifestorr: checks 
*** FLOP *** [Ad 3d As]
Manifestorr: bets $1
mertisor: raises $2 to $3
Manifestorr: folds 
Uncalled bet ($2) returned to mertisor
mertisor collected $4.28 from pot
*** SUMMARY ***
Total pot $4.50 | Rake $0.22 
Board [Ad 3d As]
Seat 1: Manifestorr (big blind) folded on the Flop
Seat 2: joaquin612 folded before Flop (didn't bet)
Seat 3: mertisor collected ($4.28)
Seat 4: Eredar5 folded before Flop (didn't bet)
Seat 5: z00mba (button) folded before Flop (didn't bet)
Seat 6: AlexPinsk1 (small blind) folded before Flop



PokerStars Hand #254487539470:  Hold'em No Limit ($0.50/$1.00 USD) - 2025/01/21 18:53:54 WET [2025/01/21 13:53:54 ET]
Table 'Arrakis IV' 6-max Seat #6 is the button
Seat 1: Manifestorr ($100 in chips) 
Seat 2: joaquin612 ($105.70 in chips) 
Seat 3: mertisor ($102.28 in chips) 
Seat 4: Eredar5 ($117.23 in chips) 
Seat 5: z00mba ($100 in chips) 
Seat 6: AlexPinsk1 ($105.60 in chips) 
Manifestorr: posts small blind $0.50
joaquin612: posts big blind $1
*** HOLE CARDS ***
mertisor: raises $2 to $3
Eredar5: folds 
z00mba: folds 
AlexPinsk1: raises $6 to $9
Manifestorr: folds 
joaquin612: folds 
mertisor: calls $6
*** FLOP *** [4d 6d 7s]
mertisor: checks 
AlexPinsk1: checks 
*** TURN *** [4d 6d 7s] [5s]
mertisor: checks 
AlexPinsk1: bets $9.26
mertisor: folds 
Uncalled bet ($9.26) returned to AlexPinsk1
AlexPinsk1 collected $18.52 from pot
AlexPinsk1: doesn't show hand 
*** SUMMARY ***
Total pot $19.50 | Rake $0.98 
Board [4d 6d 7s 5s]
Seat 1: Manifestorr (small blind) folded before Flop
Seat 2: joaquin612 (big blind) folded before Flop
Seat 3: mertisor folded on the Turn
Seat 4: Eredar5 folded before Flop (didn't bet)
Seat 5: z00mba folded before Flop (didn't bet)
Seat 6: AlexPinsk1 (button) collected ($18.52)



PokerStars Hand #254487557757:  Hold'em No Limit ($0.50/$1.00 USD) - 2025/01/21 18:54:56 WET [2025/01/21 13:54:56 ET]
Table 'Arrakis IV' 6-max Seat #1 is the button
Seat 1: Manifestorr ($100 in chips) 
Seat 2: joaquin612 ($104.70 in chips) 
Seat 3: mertisor ($93.28 in chips) 
Seat 4: Eredar5 ($117.23 in chips) 
Seat 5: z00mba ($100 in chips) 
Seat 6: AlexPinsk1 ($115.12 in chips) 
joaquin612: posts small blind $0.50
mertisor: posts big blind $1
*** HOLE CARDS ***
Eredar5: folds 
z00mba: folds 
AlexPinsk1: folds 
Manifestorr: folds 
joaquin612: raises $2 to $3
mertisor: folds 
Uncalled bet ($2) returned to joaquin612
mertisor leaves the table
joaquin612 collected $2 from pot
joaquin612: doesn't show hand 
*** SUMMARY ***
Total pot $2 | Rake $0 
Seat 1: Manifestorr (button) folded before Flop (didn't bet)
Seat 2: joaquin612 (small blind) collected ($2)
Seat 3: mertisor (big blind) folded before Flop
Seat 4: Eredar5 folded before Flop (didn't bet)
Seat 5: z00mba folded before Flop (didn't bet)
Seat 6: AlexPinsk1 folded before Flop (didn't bet)



PokerStars Hand #254487561204:  Hold'em No Limit ($0.50/$1.00 USD) - 2025/01/21 18:55:10 WET [2025/01/21 13:55:10 ET]
Table 'Arrakis IV' 6-max Seat #2 is the button
Seat 1: Manifestorr ($100 in chips) 
Seat 2: joaquin612 ($105.70 in chips) 
Seat 4: Eredar5 ($117.23 in chips) 
Seat 5: z00mba ($100 in chips) 
Seat 6: AlexPinsk1 ($115.12 in chips) 
Eredar5: posts small blind $0.50
z00mba: posts big blind $1
*** HOLE CARDS ***
AlexPinsk1: folds 
Manifestorr: folds 
joaquin612: folds 
Eredar5: raises $2 to $3
z00mba: folds 
Uncalled bet ($2) returned to Eredar5
Eredar5 collected $2 from pot
Eredar5: doesn't show hand 
*** SUMMARY ***
Total pot $2 | Rake $0 
Seat 1: Manifestorr folded before Flop (didn't bet)
Seat 2: joaquin612 (button) folded before Flop (didn't bet)
Seat 4: Eredar5 (small blind) collected ($2)
Seat 5: z00mba (big blind) folded before Flop
Seat 6: AlexPinsk1 folded before Flop (didn't bet)



PokerStars Hand #254487565464:  Hold'em No Limit ($0.50/$1.00 USD) - 2025/01/21 18:55:29 WET [2025/01/21 13:55:29 ET]
Table 'Arrakis IV' 6-max Seat #4 is the button
Seat 1: Manifestorr ($100 in chips) is sitting out
Seat 6: AlexPinsk1 ($115.12 in chips) is sitting out
Seat 2: joaquin612 ($105.70 in chips) 
Seat 4: Eredar5 ($118.23 in chips) 
Seat 5: z00mba ($100 in chips) 
z00mba: posts small blind $0.50
AlexPinsk1: is sitting out 
Manifestorr: is sitting out 
joaquin612: posts big blind $1
*** HOLE CARDS ***
Eredar5: folds 
Manifestorr leaves the table
z00mba: folds 
Uncalled bet ($0.50) returned to joaquin612
joaquin612 collected $1 from pot
joaquin612: doesn't show hand 
*** SUMMARY ***
Total pot $1 | Rake $0 
Seat 1: Manifestorr
Seat 6: AlexPinsk1
Seat 2: joaquin612 (big blind) collected ($1)
Seat 4: Eredar5 (button) folded before Flop (didn't bet)
Seat 5: z00mba (small blind) folded before Flop



PokerStars Hand #254487570864:  Hold'em No Limit ($0.50/$1.00 USD) - 2025/01/21 18:55:54 WET [2025/01/21 13:55:54 ET]
Table 'Arrakis IV' 6-max Seat #6 is the button
Seat 2: joaquin612 ($106.20 in chips) 
Seat 6: AlexPinsk1 ($115.12 in chips) 
AlexPinsk1: posts small blind $0.50
joaquin612: posts big blind $1
*** HOLE CARDS ***
AlexPinsk1: raises $1.50 to $2.50
joaquin612: folds 
Uncalled bet ($1.50) returned to AlexPinsk1
AlexPinsk1 collected $2 from pot
AlexPinsk1: doesn't show hand 
*** SUMMARY ***
Total pot $2 | Rake $0 
Seat 2: joaquin612 (big blind) folded before Flop
Seat 6: AlexPinsk1 (button) (small blind) collected ($2)



PokerStars Hand #254487574066:  Hold'em No Limit ($0.50/$1.00 USD) - 2025/01/21 18:56:08 WET [2025/01/21 13:56:08 ET]
Table 'Arrakis IV' 6-max Seat #2 is the button
Seat 2: joaquin612 ($105.20 in chips) 
Seat 6: AlexPinsk1 ($116.12 in chips) 
joaquin612: posts small blind $0.50
AlexPinsk1: posts big blind $1
*** HOLE CARDS ***
joaquin612: calls $0.50
AlexPinsk1: checks 
*** FLOP *** [Qh Ah 8s]
AlexPinsk1: checks 
joaquin612: bets $1.05
AlexPinsk1: calls $1.05
*** TURN *** [Qh Ah 8s] [7d]
AlexPinsk1: checks 
joaquin612: bets $5.85
AlexPinsk1: folds 
Uncalled bet ($5.85) returned to joaquin612
joaquin612 collected $3.90 from pot
joaquin612: doesn't show hand 
*** SUMMARY ***
Total pot $4.10 | Rake $0.20 
Board [Qh Ah 8s 7d]
Seat 2: joaquin612 (button) (small blind) collected ($3.90)
Seat 6: AlexPinsk1 (big blind) folded on the Turn



