PokerStars Hand #254484231820:  Hold'em No Limit ($0.50/$1.00 USD) - 2025/01/21 14:58:51 WET [2025/01/21 9:58:51 ET]
Table 'Antinous III' 6-max Seat #6 is the button
Seat 1: BGS013 ($119.09 in chips) 
Seat 6: Unipoker11 ($100 in chips) 
Unipoker11: posts small blind $0.50
BGS013: posts big blind $1
*** HOLE CARDS ***
Unipoker11: raises $1.50 to $2.50
BGS013: folds 
Uncalled bet ($1.50) returned to Unipoker11
Unipoker11 collected $2 from pot
Unipoker11: doesn't show hand 
*** SUMMARY ***
Total pot $2 | Rake $0 
Seat 1: BGS013 (big blind) folded before Flop
Seat 6: Unipoker11 (button) (small blind) collected ($2)



PokerStars Hand #254484233046:  Hold'em No Limit ($0.50/$1.00 USD) - 2025/01/21 14:58:59 WET [2025/01/21 9:58:59 ET]
Table 'Antinous III' 6-max Seat #1 is the button
Seat 1: BGS013 ($118.09 in chips) 
Seat 6: Unipoker11 ($101 in chips) 
BGS013: posts small blind $0.50
Unipoker11: posts big blind $1
*** HOLE CARDS ***
BGS013: raises $1.50 to $2.50
Unipoker11: calls $1.50
*** FLOP *** [7c 5h 2h]
Unipoker11: checks 
BGS013: checks 
*** TURN *** [7c 5h 2h] [Jd]
Unipoker11: checks 
BGS013: bets $2.61
Unipoker11: folds 
Uncalled bet ($2.61) returned to BGS013
BGS013 collected $4.75 from pot
BGS013: doesn't show hand 
*** SUMMARY ***
Total pot $5 | Rake $0.25 
Board [7c 5h 2h Jd]
Seat 1: BGS013 (button) (small blind) collected ($4.75)
Seat 6: Unipoker11 (big blind) folded on the Turn



PokerStars Hand #254484243344:  Hold'em No Limit ($0.50/$1.00 USD) - 2025/01/21 15:00:07 WET [2025/01/21 10:00:07 ET]
Table 'Antinous III' 6-max Seat #6 is the button
Seat 1: BGS013 ($120.34 in chips) 
Seat 6: Unipoker11 ($100 in chips) 
Unipoker11: posts small blind $0.50
BGS013: posts big blind $1
*** HOLE CARDS ***
Unipoker11: raises $1.50 to $2.50
BGS013: calls $1.50
*** FLOP *** [Ah Js 7h]
BGS013: checks 
Unipoker11: bets $1.19
BGS013: calls $1.19
*** TURN *** [Ah Js 7h] [3s]
BGS013: checks 
Unipoker11: checks 
*** RIVER *** [Ah Js 7h 3s] [2s]
BGS013: bets $2.50
Unipoker11: folds 
Uncalled bet ($2.50) returned to BGS013
BGS013 collected $7.01 from pot
BGS013: doesn't show hand 
*** SUMMARY ***
Total pot $7.38 | Rake $0.37 
Board [Ah Js 7h 3s 2s]
Seat 1: BGS013 (big blind) collected ($7.01)
Seat 6: Unipoker11 (button) (small blind) folded on the River



PokerStars Hand #254484265051:  Hold'em No Limit ($0.50/$1.00 USD) - 2025/01/21 15:02:10 WET [2025/01/21 10:02:10 ET]
Table 'Antinous III' 6-max Seat #1 is the button
Seat 1: BGS013 ($123.66 in chips) 
Seat 4: RAidakCo ($100 in chips) 
BGS013: posts small blind $0.50
RAidakCo: posts big blind $1
*** HOLE CARDS ***
BGS013: folds 
Uncalled bet ($0.50) returned to RAidakCo
RAidakCo collected $1 from pot
RAidakCo: doesn't show hand 
*** SUMMARY ***
Total pot $1 | Rake $0 
Seat 1: BGS013 (button) (small blind) folded before Flop
Seat 4: RAidakCo (big blind) collected ($1)



PokerStars Hand #254484266251:  Hold'em No Limit ($0.50/$1.00 USD) - 2025/01/21 15:02:16 WET [2025/01/21 10:02:16 ET]
Table 'Antinous III' 6-max Seat #4 is the button
Seat 1: BGS013 ($123.16 in chips) 
Seat 4: RAidakCo ($100.50 in chips) 
RAidakCo: posts small blind $0.50
BGS013: posts big blind $1
*** HOLE CARDS ***
RAidakCo: raises $1.50 to $2.50
BGS013: calls $1.50
*** FLOP *** [3c 4d 2c]
BGS013: checks 
RAidakCo: checks 
*** TURN *** [3c 4d 2c] [Kc]
BGS013: checks 
RAidakCo: bets $1.57
BGS013: calls $1.57
*** RIVER *** [3c 4d 2c Kc] [Jd]
BGS013: checks 
RAidakCo: bets $5.80
BGS013: calls $5.80
*** SHOW DOWN ***
RAidakCo: shows [Ks 9c] (a pair of Kings)
BGS013: mucks hand 
RAidakCo collected $18.75 from pot
*** SUMMARY ***
Total pot $19.74 | Rake $0.99 
Board [3c 4d 2c Kc Jd]
Seat 1: BGS013 (big blind) mucked
Seat 4: RAidakCo (button) (small blind) showed [Ks 9c] and won ($18.75) with a pair of Kings



PokerStars Hand #254484275166:  Hold'em No Limit ($0.50/$1.00 USD) - 2025/01/21 15:03:03 WET [2025/01/21 10:03:03 ET]
Table 'Antinous III' 6-max Seat #1 is the button
Seat 1: BGS013 ($113.29 in chips) 
Seat 4: RAidakCo ($109.38 in chips) 
BGS013: posts small blind $0.50
RAidakCo: posts big blind $1
*** HOLE CARDS ***
BGS013: raises $1.50 to $2.50
RAidakCo: calls $1.50
*** FLOP *** [Qc 7s Js]
RAidakCo: checks 
BGS013: bets $1.24
RAidakCo: calls $1.24
*** TURN *** [Qc 7s Js] [7d]
RAidakCo: checks 
BGS013: checks 
*** RIVER *** [Qc 7s Js 7d] [Ah]
RAidakCo: bets $2.35
BGS013: folds 
Uncalled bet ($2.35) returned to RAidakCo
RAidakCo collected $7.11 from pot
RAidakCo: doesn't show hand 
*** SUMMARY ***
Total pot $7.48 | Rake $0.37 
Board [Qc 7s Js 7d Ah]
Seat 1: BGS013 (button) (small blind) folded on the River
Seat 4: RAidakCo (big blind) collected ($7.11)



PokerStars Hand #254484283624:  Hold'em No Limit ($0.50/$1.00 USD) - 2025/01/21 15:03:48 WET [2025/01/21 10:03:48 ET]
Table 'Antinous III' 6-max Seat #4 is the button
Seat 1: BGS013 ($109.55 in chips) 
Seat 4: RAidakCo ($112.75 in chips) 
RAidakCo: posts small blind $0.50
BGS013: posts big blind $1
*** HOLE CARDS ***
RAidakCo: folds 
Uncalled bet ($0.50) returned to BGS013
BGS013 collected $1 from pot
BGS013: doesn't show hand 
*** SUMMARY ***
Total pot $1 | Rake $0 
Seat 1: BGS013 (big blind) collected ($1)
Seat 4: RAidakCo (button) (small blind) folded before Flop



PokerStars Hand #254484284829:  Hold'em No Limit ($0.50/$1.00 USD) - 2025/01/21 15:03:54 WET [2025/01/21 10:03:54 ET]
Table 'Antinous III' 6-max Seat #1 is the button
Seat 1: BGS013 ($110.05 in chips) 
Seat 4: RAidakCo ($112.25 in chips) 
BGS013: posts small blind $0.50
RAidakCo: posts big blind $1
*** HOLE CARDS ***
BGS013: raises $1.50 to $2.50
RAidakCo: calls $1.50
*** FLOP *** [8h Qh 3h]
RAidakCo: checks 
BGS013: bets $1.24
RAidakCo: calls $1.24
*** TURN *** [8h Qh 3h] [Td]
RAidakCo: checks 
BGS013: checks 
*** RIVER *** [8h Qh 3h Td] [Ad]
RAidakCo: checks 
BGS013: checks 
*** SHOW DOWN ***
RAidakCo: shows [Th Jd] (a pair of Tens)
BGS013: mucks hand 
RAidakCo collected $7.11 from pot
*** SUMMARY ***
Total pot $7.48 | Rake $0.37 
Board [8h Qh 3h Td Ad]
Seat 1: BGS013 (button) (small blind) mucked
Seat 4: RAidakCo (big blind) showed [Th Jd] and won ($7.11) with a pair of Tens



PokerStars Hand #254484289776:  Hold'em No Limit ($0.50/$1.00 USD) - 2025/01/21 15:04:20 WET [2025/01/21 10:04:20 ET]
Table 'Antinous III' 6-max Seat #4 is the button
Seat 1: BGS013 ($106.31 in chips) 
Seat 4: RAidakCo ($115.62 in chips) 
RAidakCo: posts small blind $0.50
BGS013: posts big blind $1
*** HOLE CARDS ***
RAidakCo: raises $1.50 to $2.50
BGS013: calls $1.50
*** FLOP *** [7h 2c 4s]
BGS013: checks 
RAidakCo: bets $3.56
BGS013: folds 
Uncalled bet ($3.56) returned to RAidakCo
RAidakCo collected $4.75 from pot
RAidakCo: doesn't show hand 
*** SUMMARY ***
Total pot $5 | Rake $0.25 
Board [7h 2c 4s]
Seat 1: BGS013 (big blind) folded on the Flop
Seat 4: RAidakCo (button) (small blind) collected ($4.75)



PokerStars Hand #254484295060:  Hold'em No Limit ($0.50/$1.00 USD) - 2025/01/21 15:04:47 WET [2025/01/21 10:04:47 ET]
Table 'Antinous III' 6-max Seat #1 is the button
Seat 1: BGS013 ($103.81 in chips) 
Seat 4: RAidakCo ($117.87 in chips) 
BGS013: posts small blind $0.50
RAidakCo: posts big blind $1
*** HOLE CARDS ***
BGS013: folds 
Uncalled bet ($0.50) returned to RAidakCo
RAidakCo collected $1 from pot
RAidakCo: doesn't show hand 
*** SUMMARY ***
Total pot $1 | Rake $0 
Seat 1: BGS013 (button) (small blind) folded before Flop
Seat 4: RAidakCo (big blind) collected ($1)



PokerStars Hand #254484296496:  Hold'em No Limit ($0.50/$1.00 USD) - 2025/01/21 15:04:54 WET [2025/01/21 10:04:54 ET]
Table 'Antinous III' 6-max Seat #4 is the button
Seat 1: BGS013 ($103.31 in chips) 
Seat 4: RAidakCo ($118.37 in chips) 
RAidakCo: posts small blind $0.50
BGS013: posts big blind $1
*** HOLE CARDS ***
RAidakCo: folds 
Uncalled bet ($0.50) returned to BGS013
BGS013 collected $1 from pot
BGS013: doesn't show hand 
*** SUMMARY ***
Total pot $1 | Rake $0 
Seat 1: BGS013 (big blind) collected ($1)
Seat 4: RAidakCo (button) (small blind) folded before Flop



PokerStars Hand #254484298978:  Hold'em No Limit ($0.50/$1.00 USD) - 2025/01/21 15:05:07 WET [2025/01/21 10:05:07 ET]
Table 'Antinous III' 6-max Seat #1 is the button
Seat 1: BGS013 ($103.81 in chips) 
Seat 4: RAidakCo ($117.87 in chips) 
BGS013: posts small blind $0.50
RAidakCo: posts big blind $1
*** HOLE CARDS ***
BGS013: folds 
Uncalled bet ($0.50) returned to RAidakCo
RAidakCo collected $1 from pot
RAidakCo: doesn't show hand 
*** SUMMARY ***
Total pot $1 | Rake $0 
Seat 1: BGS013 (button) (small blind) folded before Flop
Seat 4: RAidakCo (big blind) collected ($1)



PokerStars Hand #254484300324:  Hold'em No Limit ($0.50/$1.00 USD) - 2025/01/21 15:05:14 WET [2025/01/21 10:05:14 ET]
Table 'Antinous III' 6-max Seat #4 is the button
Seat 1: BGS013 ($103.31 in chips) 
Seat 4: RAidakCo ($118.37 in chips) 
RAidakCo: posts small blind $0.50
BGS013: posts big blind $1
*** HOLE CARDS ***
RAidakCo: folds 
Uncalled bet ($0.50) returned to BGS013
BGS013 collected $1 from pot
BGS013: doesn't show hand 
*** SUMMARY ***
Total pot $1 | Rake $0 
Seat 1: BGS013 (big blind) collected ($1)
Seat 4: RAidakCo (button) (small blind) folded before Flop



PokerStars Hand #254484301571:  Hold'em No Limit ($0.50/$1.00 USD) - 2025/01/21 15:05:21 WET [2025/01/21 10:05:21 ET]
Table 'Antinous III' 6-max Seat #1 is the button
Seat 1: BGS013 ($103.81 in chips) 
Seat 4: RAidakCo ($117.87 in chips) 
BGS013: posts small blind $0.50
RAidakCo: posts big blind $1
*** HOLE CARDS ***
BGS013: folds 
Uncalled bet ($0.50) returned to RAidakCo
RAidakCo collected $1 from pot
RAidakCo: doesn't show hand 
*** SUMMARY ***
Total pot $1 | Rake $0 
Seat 1: BGS013 (button) (small blind) folded before Flop
Seat 4: RAidakCo (big blind) collected ($1)



PokerStars Hand #254484302609:  Hold'em No Limit ($0.50/$1.00 USD) - 2025/01/21 15:05:26 WET [2025/01/21 10:05:26 ET]
Table 'Antinous III' 6-max Seat #4 is the button
Seat 1: BGS013 ($103.31 in chips) 
Seat 4: RAidakCo ($118.37 in chips) 
RAidakCo: posts small blind $0.50
BGS013: posts big blind $1
*** HOLE CARDS ***
RAidakCo: folds 
Uncalled bet ($0.50) returned to BGS013
BGS013 collected $1 from pot
BGS013: doesn't show hand 
*** SUMMARY ***
Total pot $1 | Rake $0 
Seat 1: BGS013 (big blind) collected ($1)
Seat 4: RAidakCo (button) (small blind) folded before Flop



PokerStars Hand #254484304018:  Hold'em No Limit ($0.50/$1.00 USD) - 2025/01/21 15:05:33 WET [2025/01/21 10:05:33 ET]
Table 'Antinous III' 6-max Seat #1 is the button
Seat 1: BGS013 ($103.81 in chips) 
Seat 4: RAidakCo ($117.87 in chips) 
BGS013: posts small blind $0.50
RAidakCo: posts big blind $1
*** HOLE CARDS ***
BGS013: raises $1.50 to $2.50
RAidakCo: calls $1.50
*** FLOP *** [3s 9d 3c]
RAidakCo: checks 
BGS013: bets $1.24
RAidakCo: calls $1.24
*** TURN *** [3s 9d 3c] [Jh]
RAidakCo: checks 
BGS013: checks 
*** RIVER *** [3s 9d 3c Jh] [Ac]
RAidakCo: checks 
BGS013: checks 
*** SHOW DOWN ***
RAidakCo: shows [Td Js] (two pair, Jacks and Threes)
BGS013: mucks hand 
RAidakCo collected $7.11 from pot
*** SUMMARY ***
Total pot $7.48 | Rake $0.37 
Board [3s 9d 3c Jh Ac]
Seat 1: BGS013 (button) (small blind) mucked
Seat 4: RAidakCo (big blind) showed [Td Js] and won ($7.11) with two pair, Jacks and Threes



PokerStars Hand #254484309434:  Hold'em No Limit ($0.50/$1.00 USD) - 2025/01/21 15:06:03 WET [2025/01/21 10:06:03 ET]
Table 'Antinous III' 6-max Seat #4 is the button
Seat 1: BGS013 ($100.07 in chips) 
Seat 4: RAidakCo ($121.24 in chips) 
RAidakCo: posts small blind $0.50
BGS013: posts big blind $1
*** HOLE CARDS ***
RAidakCo: raises $1.50 to $2.50
BGS013: calls $1.50
*** FLOP *** [4c 4d Jh]
BGS013: checks 
RAidakCo: bets $1.57
BGS013: calls $1.57
*** TURN *** [4c 4d Jh] [6s]
BGS013: checks 
RAidakCo: bets $3.87
BGS013: calls $3.87
*** RIVER *** [4c 4d Jh 6s] [Qc]
poker_soul11 joins the table at seat #6 
BGS013: checks 
RAidakCo: bets $30
BGS013: folds 
Uncalled bet ($30) returned to RAidakCo
RAidakCo collected $15.09 from pot
RAidakCo: doesn't show hand 
*** SUMMARY ***
Total pot $15.88 | Rake $0.79 
Board [4c 4d Jh 6s Qc]
Seat 1: BGS013 (big blind) folded on the River
Seat 4: RAidakCo (button) (small blind) collected ($15.09)



PokerStars Hand #254484320581:  Hold'em No Limit ($0.50/$1.00 USD) - 2025/01/21 15:07:01 WET [2025/01/21 10:07:01 ET]
Table 'Antinous III' 6-max Seat #1 is the button
Seat 6: poker_soul11 ($100 in chips) is sitting out
Seat 1: BGS013 ($100 in chips) 
Seat 4: RAidakCo ($128.39 in chips) 
BGS013: posts small blind $0.50
RAidakCo: posts big blind $1
*** HOLE CARDS ***
BGS013: raises $1.50 to $2.50
RAidakCo: calls $1.50
*** FLOP *** [7h Kh Qh]
RAidakCo: checks 
BGS013: bets $1.24
RAidakCo: calls $1.24
*** TURN *** [7h Kh Qh] [5c]
RAidakCo: checks 
BGS013: checks 
*** RIVER *** [7h Kh Qh 5c] [Ac]
RAidakCo: bets $2.35
BGS013: raises $7.65 to $10
RAidakCo: folds 
Uncalled bet ($7.65) returned to BGS013
BGS013 collected $11.57 from pot
BGS013: doesn't show hand 
*** SUMMARY ***
Total pot $12.18 | Rake $0.61 
Board [7h Kh Qh 5c Ac]
Seat 6: poker_soul11
Seat 1: BGS013 (button) (small blind) collected ($11.57)
Seat 4: RAidakCo (big blind) folded on the River



PokerStars Hand #254484330377:  Hold'em No Limit ($0.50/$1.00 USD) - 2025/01/21 15:07:53 WET [2025/01/21 10:07:53 ET]
Table 'Antinous III' 6-max Seat #1 is the button
Seat 1: BGS013 ($105.48 in chips) 
Seat 4: RAidakCo ($122.30 in chips) 
Seat 6: poker_soul11 ($100 in chips) 
RAidakCo: posts small blind $0.50
poker_soul11: posts big blind $1
*** HOLE CARDS ***
BGS013: raises $1.50 to $2.50
RAidakCo: raises $8.50 to $11
poker_soul11: folds 
BGS013: folds 
Uncalled bet ($8.50) returned to RAidakCo
RAidakCo collected $6 from pot
RAidakCo: doesn't show hand 
*** SUMMARY ***
Total pot $6 | Rake $0 
Seat 1: BGS013 (button) folded before Flop
Seat 4: RAidakCo (small blind) collected ($6)
Seat 6: poker_soul11 (big blind) folded before Flop



PokerStars Hand #254484335159:  Hold'em No Limit ($0.50/$1.00 USD) - 2025/01/21 15:08:18 WET [2025/01/21 10:08:18 ET]
Table 'Antinous III' 6-max Seat #4 is the button
Seat 1: BGS013 ($102.98 in chips) 
Seat 4: RAidakCo ($125.80 in chips) 
Seat 6: poker_soul11 ($100 in chips) 
poker_soul11: posts small blind $0.50
BGS013: posts big blind $1
*** HOLE CARDS ***
RAidakCo: folds 
poker_soul11: raises $2 to $3
BGS013: raises $6.50 to $9.50
poker_soul11: calls $6.50
*** FLOP *** [7h 4d Kd]
nastja336 joins the table at seat #2 
MakoEv joins the table at seat #3 
Unipoker11 joins the table at seat #5 
poker_soul11: checks 
BGS013: bets $4.69
poker_soul11: folds 
Uncalled bet ($4.69) returned to BGS013
BGS013 collected $18.05 from pot
BGS013: doesn't show hand 
*** SUMMARY ***
Total pot $19 | Rake $0.95 
Board [7h 4d Kd]
Seat 1: BGS013 (big blind) collected ($18.05)
Seat 4: RAidakCo (button) folded before Flop (didn't bet)
Seat 6: poker_soul11 (small blind) folded on the Flop



PokerStars Hand #254484345811:  Hold'em No Limit ($0.50/$1.00 USD) - 2025/01/21 15:09:14 WET [2025/01/21 10:09:14 ET]
Table 'Antinous III' 6-max Seat #6 is the button
Seat 3: MakoEv ($100 in chips) is sitting out
Seat 5: Unipoker11 ($100 in chips) is sitting out
Seat 1: BGS013 ($111.53 in chips) 
Seat 2: nastja336 ($100 in chips) 
Seat 4: RAidakCo ($125.80 in chips) 
Seat 6: poker_soul11 ($100 in chips) 
BGS013: posts small blind $0.50
nastja336: posts big blind $1
MakoEv: sits out 
Unipoker11: sits out 
*** HOLE CARDS ***
RAidakCo: raises $1 to $2
poker_soul11: folds 
BGS013: folds 
nastja336: folds 
Uncalled bet ($1) returned to RAidakCo
RAidakCo collected $2.50 from pot
RAidakCo: doesn't show hand 
*** SUMMARY ***
Total pot $2.50 | Rake $0 
Seat 3: MakoEv
Seat 5: Unipoker11
Seat 1: BGS013 (small blind) folded before Flop
Seat 2: nastja336 (big blind) folded before Flop
Seat 4: RAidakCo collected ($2.50)
Seat 6: poker_soul11 (button) folded before Flop (didn't bet)



PokerStars Hand #254484348757:  Hold'em No Limit ($0.50/$1.00 USD) - 2025/01/21 15:09:29 WET [2025/01/21 10:09:29 ET]
Table 'Antinous III' 6-max Seat #1 is the button
Seat 5: Unipoker11 ($100 in chips) is sitting out
Seat 1: BGS013 ($111.03 in chips) 
Seat 2: nastja336 ($100 in chips) 
Seat 3: MakoEv ($100 in chips) 
Seat 4: RAidakCo ($127.30 in chips) 
Seat 6: poker_soul11 ($100 in chips) 
nastja336: posts small blind $0.50
MakoEv: posts big blind $1
Unipoker11: sits out 
*** HOLE CARDS ***
RAidakCo: raises $1 to $2
poker_soul11: folds 
BGS013: folds 
nastja336: folds 
MakoEv: folds 
Uncalled bet ($1) returned to RAidakCo
RAidakCo collected $2.50 from pot
RAidakCo: doesn't show hand 
*** SUMMARY ***
Total pot $2.50 | Rake $0 
Seat 5: Unipoker11
Seat 1: BGS013 (button) folded before Flop (didn't bet)
Seat 2: nastja336 (small blind) folded before Flop
Seat 3: MakoEv (big blind) folded before Flop
Seat 4: RAidakCo collected ($2.50)
Seat 6: poker_soul11 folded before Flop (didn't bet)



PokerStars Hand #254484352859:  Hold'em No Limit ($0.50/$1.00 USD) - 2025/01/21 15:09:51 WET [2025/01/21 10:09:51 ET]
Table 'Antinous III' 6-max Seat #2 is the button
Seat 5: Unipoker11 ($100 in chips) is sitting out
Seat 1: BGS013 ($111.03 in chips) 
Seat 2: nastja336 ($100 in chips) 
Seat 3: MakoEv ($100 in chips) 
Seat 4: RAidakCo ($128.80 in chips) 
Seat 6: poker_soul11 ($100 in chips) 
MakoEv: posts small blind $0.50
RAidakCo: posts big blind $1
Unipoker11: sits out 
*** HOLE CARDS ***
poker_soul11: raises $1.20 to $2.20
BGS013: folds 
nastja336: folds 
MakoEv: folds 
RAidakCo: folds 
Uncalled bet ($1.20) returned to poker_soul11
poker_soul11 collected $2.50 from pot
poker_soul11: doesn't show hand 
*** SUMMARY ***
Total pot $2.50 | Rake $0 
Seat 5: Unipoker11
Seat 1: BGS013 folded before Flop (didn't bet)
Seat 2: nastja336 (button) folded before Flop (didn't bet)
Seat 3: MakoEv (small blind) folded before Flop
Seat 4: RAidakCo (big blind) folded before Flop
Seat 6: poker_soul11 collected ($2.50)



PokerStars Hand #254484355665:  Hold'em No Limit ($0.50/$1.00 USD) - 2025/01/21 15:10:06 WET [2025/01/21 10:10:06 ET]
Table 'Antinous III' 6-max Seat #3 is the button
Seat 1: BGS013 ($111.03 in chips) 
Seat 2: nastja336 ($100 in chips) 
Seat 3: MakoEv ($100 in chips) 
Seat 4: RAidakCo ($127.80 in chips) 
Seat 5: Unipoker11 ($100 in chips) 
Seat 6: poker_soul11 ($101.50 in chips) 
RAidakCo: posts small blind $0.50
Unipoker11: posts big blind $1
*** HOLE CARDS ***
poker_soul11: folds 
BGS013: folds 
nastja336: folds 
MakoEv: raises $1.50 to $2.50
RAidakCo: folds 
Unipoker11: raises $11 to $13.50
MakoEv: folds 
Uncalled bet ($11) returned to Unipoker11
Unipoker11 collected $5.50 from pot
Unipoker11: doesn't show hand 
*** SUMMARY ***
Total pot $5.50 | Rake $0 
Seat 1: BGS013 folded before Flop (didn't bet)
Seat 2: nastja336 folded before Flop (didn't bet)
Seat 3: MakoEv (button) folded before Flop
Seat 4: RAidakCo (small blind) folded before Flop
Seat 5: Unipoker11 (big blind) collected ($5.50)
Seat 6: poker_soul11 folded before Flop (didn't bet)



PokerStars Hand #254484363862:  Hold'em No Limit ($0.50/$1.00 USD) - 2025/01/21 15:10:49 WET [2025/01/21 10:10:49 ET]
Table 'Antinous III' 6-max Seat #4 is the button
Seat 1: BGS013 ($111.03 in chips) 
Seat 2: nastja336 ($100 in chips) 
Seat 3: MakoEv ($100 in chips) 
Seat 4: RAidakCo ($127.30 in chips) 
Seat 5: Unipoker11 ($103 in chips) 
Seat 6: poker_soul11 ($101.50 in chips) 
Unipoker11: posts small blind $0.50
poker_soul11: posts big blind $1
*** HOLE CARDS ***
BGS013: folds 
nastja336: folds 
MakoEv: raises $1.50 to $2.50
RAidakCo: folds 
Unipoker11: folds 
poker_soul11: folds 
Uncalled bet ($1.50) returned to MakoEv
MakoEv collected $2.50 from pot
MakoEv: doesn't show hand 
*** SUMMARY ***
Total pot $2.50 | Rake $0 
Seat 1: BGS013 folded before Flop (didn't bet)
Seat 2: nastja336 folded before Flop (didn't bet)
Seat 3: MakoEv collected ($2.50)
Seat 4: RAidakCo (button) folded before Flop (didn't bet)
Seat 5: Unipoker11 (small blind) folded before Flop
Seat 6: poker_soul11 (big blind) folded before Flop



PokerStars Hand #254484367596:  Hold'em No Limit ($0.50/$1.00 USD) - 2025/01/21 15:11:09 WET [2025/01/21 10:11:09 ET]
Table 'Antinous III' 6-max Seat #5 is the button
Seat 1: BGS013 ($111.03 in chips) 
Seat 2: nastja336 ($100 in chips) 
Seat 3: MakoEv ($101.50 in chips) 
Seat 4: RAidakCo ($127.30 in chips) 
Seat 5: Unipoker11 ($102.50 in chips) 
Seat 6: poker_soul11 ($100.50 in chips) 
poker_soul11: posts small blind $0.50
BGS013: posts big blind $1
*** HOLE CARDS ***
nastja336: folds 
MakoEv: folds 
RAidakCo: folds 
Unipoker11: folds 
poker_soul11: folds 
Uncalled bet ($0.50) returned to BGS013
BGS013 collected $1 from pot
BGS013: doesn't show hand 
*** SUMMARY ***
Total pot $1 | Rake $0 
Seat 1: BGS013 (big blind) collected ($1)
Seat 2: nastja336 folded before Flop (didn't bet)
Seat 3: MakoEv folded before Flop (didn't bet)
Seat 4: RAidakCo folded before Flop (didn't bet)
Seat 5: Unipoker11 (button) folded before Flop (didn't bet)
Seat 6: poker_soul11 (small blind) folded before Flop



PokerStars Hand #254484371075:  Hold'em No Limit ($0.50/$1.00 USD) - 2025/01/21 15:11:27 WET [2025/01/21 10:11:27 ET]
Table 'Antinous III' 6-max Seat #6 is the button
Seat 2: nastja336 ($100 in chips) is sitting out
Seat 1: BGS013 ($111.53 in chips) 
Seat 3: MakoEv ($101.50 in chips) 
Seat 4: RAidakCo ($127.30 in chips) 
Seat 5: Unipoker11 ($102.50 in chips) 
Seat 6: poker_soul11 ($100 in chips) 
BGS013: posts small blind $0.50
nastja336: is sitting out 
MakoEv: posts big blind $1
*** HOLE CARDS ***
nastja336 leaves the table
RAidakCo: folds 
Unipoker11: raises $1.30 to $2.30
poker_soul11: folds 
BGS013: folds 
MakoEv: calls $1.30
*** FLOP *** [3c Qd 2s]
MakoEv: checks 
Unipoker11: bets $1.21
MakoEv: calls $1.21
*** TURN *** [3c Qd 2s] [8h]
MakoEv: checks 
Unipoker11: checks 
*** RIVER *** [3c Qd 2s 8h] [Jc]
jhegyi joins the table at seat #2 
jhegyi is disconnected 
MakoEv: checks 
Unipoker11: checks 
*** SHOW DOWN ***
MakoEv: shows [As 9s] (high card Ace)
Unipoker11: mucks hand 
MakoEv collected $7.14 from pot
*** SUMMARY ***
Total pot $7.52 | Rake $0.38 
Board [3c Qd 2s 8h Jc]
Seat 2: nastja336
Seat 1: BGS013 (small blind) folded before Flop
Seat 3: MakoEv (big blind) showed [As 9s] and won ($7.14) with high card Ace
Seat 4: RAidakCo folded before Flop (didn't bet)
Seat 5: Unipoker11 mucked
Seat 6: poker_soul11 (button) folded before Flop (didn't bet)



PokerStars Hand #254484384452:  Hold'em No Limit ($0.50/$1.00 USD) - 2025/01/21 15:12:37 WET [2025/01/21 10:12:37 ET]
Table 'Antinous III' 6-max Seat #1 is the button
Seat 2: jhegyi ($100 in chips) is sitting out
Seat 1: BGS013 ($111.03 in chips) 
Seat 3: MakoEv ($105.13 in chips) 
Seat 4: RAidakCo ($127.30 in chips) 
Seat 5: Unipoker11 ($100 in chips) 
Seat 6: poker_soul11 ($100 in chips) 
MakoEv: posts small blind $0.50
RAidakCo: posts big blind $1
*** HOLE CARDS ***
Unipoker11: folds 
poker_soul11: folds 
BGS013: raises $1.50 to $2.50
MakoEv: folds 
RAidakCo: calls $1.50
*** FLOP *** [9s Qd 3h]
RAidakCo: checks 
BGS013: checks 
*** TURN *** [9s Qd 3h] [Ah]
RAidakCo: checks 
BGS013: checks 
*** RIVER *** [9s Qd 3h Ah] [7h]
RAidakCo: checks 
BGS013: checks 
*** SHOW DOWN ***
RAidakCo: shows [6s 6h] (a pair of Sixes)
BGS013: shows [8d 8h] (a pair of Eights)
Unipoker11 leaves the table
BGS013 collected $5.22 from pot
*** SUMMARY ***
Total pot $5.50 | Rake $0.28 
Board [9s Qd 3h Ah 7h]
Seat 2: jhegyi
Seat 1: BGS013 (button) showed [8d 8h] and won ($5.22) with a pair of Eights
Seat 3: MakoEv (small blind) folded before Flop
Seat 4: RAidakCo (big blind) showed [6s 6h] and lost with a pair of Sixes
Seat 5: Unipoker11 folded before Flop (didn't bet)
Seat 6: poker_soul11 folded before Flop (didn't bet)



PokerStars Hand #254484391322:  Hold'em No Limit ($0.50/$1.00 USD) - 2025/01/21 15:13:12 WET [2025/01/21 10:13:12 ET]
Table 'Antinous III' 6-max Seat #3 is the button
Seat 2: jhegyi ($100 in chips) is sitting out
Seat 1: BGS013 ($113.75 in chips) 
Seat 3: MakoEv ($104.63 in chips) 
Seat 4: RAidakCo ($124.80 in chips) 
Seat 6: poker_soul11 ($100 in chips) 
RAidakCo: posts small blind $0.50
poker_soul11: posts big blind $1
jhegyi: sits out 
*** HOLE CARDS ***
BGS013: folds 
MakoEv: folds 
RAidakCo: raises $2 to $3
poker_soul11: folds 
Uncalled bet ($2) returned to RAidakCo
RAidakCo collected $2 from pot
RAidakCo: doesn't show hand 
*** SUMMARY ***
Total pot $2 | Rake $0 
Seat 2: jhegyi
Seat 1: BGS013 folded before Flop (didn't bet)
Seat 3: MakoEv (button) folded before Flop (didn't bet)
Seat 4: RAidakCo (small blind) collected ($2)
Seat 6: poker_soul11 (big blind) folded before Flop



PokerStars Hand #254484394603:  Hold'em No Limit ($0.50/$1.00 USD) - 2025/01/21 15:13:29 WET [2025/01/21 10:13:29 ET]
Table 'Antinous III' 6-max Seat #4 is the button
Seat 1: BGS013 ($113.75 in chips) 
Seat 2: jhegyi ($100 in chips) 
Seat 3: MakoEv ($104.63 in chips) 
Seat 4: RAidakCo ($125.80 in chips) 
Seat 6: poker_soul11 ($100 in chips) 
poker_soul11: posts small blind $0.50
BGS013: posts big blind $1
jhegyi: posts big blind $1
*** HOLE CARDS ***
jhegyi: checks 
MakoEv: folds 
RAidakCo: folds 
poker_soul11: calls $0.50
BGS013: checks 
*** FLOP *** [Ts 8s Tc]
poker_soul11: checks 
BGS013: checks 
jhegyi: bets $2
poker_soul11: folds 
BGS013: calls $2
*** TURN *** [Ts 8s Tc] [2c]
BGS013: checks 
jhegyi: checks 
*** RIVER *** [Ts 8s Tc 2c] [Qs]
BGS013: bets $1.73
jhegyi: calls $1.73
*** SHOW DOWN ***
BGS013: shows [8c 3c] (two pair, Tens and Eights)
jhegyi: shows [8h Kc] (two pair, Tens and Eights - King kicker)
jhegyi collected $9.94 from pot
*** SUMMARY ***
Total pot $10.46 | Rake $0.52 
Board [Ts 8s Tc 2c Qs]
Seat 1: BGS013 (big blind) showed [8c 3c] and lost with two pair, Tens and Eights
Seat 2: jhegyi showed [8h Kc] and won ($9.94) with two pair, Tens and Eights
Seat 3: MakoEv folded before Flop (didn't bet)
Seat 4: RAidakCo (button) folded before Flop (didn't bet)
Seat 6: poker_soul11 (small blind) folded on the Flop



PokerStars Hand #254484404841:  Hold'em No Limit ($0.50/$1.00 USD) - 2025/01/21 15:14:22 WET [2025/01/21 10:14:22 ET]
Table 'Antinous III' 6-max Seat #6 is the button
Seat 1: BGS013 ($109.02 in chips) 
Seat 2: jhegyi ($105.21 in chips) 
Seat 3: MakoEv ($104.63 in chips) 
Seat 4: RAidakCo ($125.80 in chips) 
Seat 6: poker_soul11 ($100 in chips) 
BGS013: posts small blind $0.50
jhegyi: posts big blind $1
*** HOLE CARDS ***
MakoEv: folds 
RAidakCo: folds 
poker_soul11: folds 
BGS013: folds 
Uncalled bet ($0.50) returned to jhegyi
jhegyi collected $1 from pot
*** SUMMARY ***
Total pot $1 | Rake $0 
Seat 1: BGS013 (small blind) folded before Flop
Seat 2: jhegyi (big blind) collected ($1)
Seat 3: MakoEv folded before Flop (didn't bet)
Seat 4: RAidakCo folded before Flop (didn't bet)
Seat 6: poker_soul11 (button) folded before Flop (didn't bet)



PokerStars Hand #254484407030:  Hold'em No Limit ($0.50/$1.00 USD) - 2025/01/21 15:14:33 WET [2025/01/21 10:14:33 ET]
Table 'Antinous III' 6-max Seat #1 is the button
Seat 1: BGS013 ($108.52 in chips) 
Seat 2: jhegyi ($105.71 in chips) 
Seat 3: MakoEv ($104.63 in chips) 
Seat 4: RAidakCo ($125.80 in chips) 
Seat 6: poker_soul11 ($100 in chips) 
jhegyi: posts small blind $0.50
MakoEv: posts big blind $1
*** HOLE CARDS ***
RAidakCo: raises $1.20 to $2.20
poker_soul11: folds 
BGS013: folds 
jhegyi: folds 
MakoEv: folds 
Uncalled bet ($1.20) returned to RAidakCo
RAidakCo collected $2.50 from pot
RAidakCo: doesn't show hand 
*** SUMMARY ***
Total pot $2.50 | Rake $0 
Seat 1: BGS013 (button) folded before Flop (didn't bet)
Seat 2: jhegyi (small blind) folded before Flop
Seat 3: MakoEv (big blind) folded before Flop
Seat 4: RAidakCo collected ($2.50)
Seat 6: poker_soul11 folded before Flop (didn't bet)



PokerStars Hand #254484410008:  Hold'em No Limit ($0.50/$1.00 USD) - 2025/01/21 15:14:49 WET [2025/01/21 10:14:49 ET]
Table 'Antinous III' 6-max Seat #2 is the button
Seat 1: BGS013 ($108.52 in chips) 
Seat 2: jhegyi ($105.21 in chips) 
Seat 3: MakoEv ($103.63 in chips) 
Seat 4: RAidakCo ($127.30 in chips) 
Seat 6: poker_soul11 ($100 in chips) 
MakoEv: posts small blind $0.50
ThiagoKigami joins the table at seat #5 
RAidakCo: posts big blind $1
*** HOLE CARDS ***
poker_soul11: folds 
BGS013: folds 
jhegyi: folds 
MakoEv: raises $2 to $3
RAidakCo: calls $2
*** FLOP *** [Tc Kh 4c]
MakoEv: bets $1.71
RAidakCo: calls $1.71
*** TURN *** [Tc Kh 4c] [As]
MakoEv: checks 
RAidakCo: checks 
*** RIVER *** [Tc Kh 4c As] [Js]
MakoEv: checks 
RAidakCo: checks 
*** SHOW DOWN ***
MakoEv: shows [7s Ks] (a pair of Kings)
RAidakCo: shows [Ah 8h] (a pair of Aces)
RAidakCo collected $8.95 from pot
*** SUMMARY ***
Total pot $9.42 | Rake $0.47 
Board [Tc Kh 4c As Js]
Seat 1: BGS013 folded before Flop (didn't bet)
Seat 2: jhegyi (button) folded before Flop (didn't bet)
Seat 3: MakoEv (small blind) showed [7s Ks] and lost with a pair of Kings
Seat 4: RAidakCo (big blind) showed [Ah 8h] and won ($8.95) with a pair of Aces
Seat 6: poker_soul11 folded before Flop (didn't bet)



PokerStars Hand #254484422004:  Hold'em No Limit ($0.50/$1.00 USD) - 2025/01/21 15:15:49 WET [2025/01/21 10:15:49 ET]
Table 'Antinous III' 6-max Seat #3 is the button
Seat 1: BGS013 ($108.52 in chips) 
Seat 2: jhegyi ($105.21 in chips) 
Seat 3: MakoEv ($100 in chips) 
Seat 4: RAidakCo ($131.54 in chips) 
Seat 5: ThiagoKigami ($100 in chips) 
Seat 6: poker_soul11 ($100 in chips) 
RAidakCo: posts small blind $0.50
ThiagoKigami: posts big blind $1
*** HOLE CARDS ***
poker_soul11: folds 
BGS013: folds 
jhegyi: raises $1.50 to $2.50
MakoEv: folds 
RAidakCo: raises $8.50 to $11
ThiagoKigami: folds 
jhegyi: raises $13.50 to $24.50
RAidakCo: folds 
Uncalled bet ($13.50) returned to jhegyi
jhegyi collected $23 from pot
*** SUMMARY ***
Total pot $23 | Rake $0 
Seat 1: BGS013 folded before Flop (didn't bet)
Seat 2: jhegyi collected ($23)
Seat 3: MakoEv (button) folded before Flop (didn't bet)
Seat 4: RAidakCo (small blind) folded before Flop
Seat 5: ThiagoKigami (big blind) folded before Flop
Seat 6: poker_soul11 folded before Flop (didn't bet)



PokerStars Hand #254484431394:  Hold'em No Limit ($0.50/$1.00 USD) - 2025/01/21 15:16:35 WET [2025/01/21 10:16:35 ET]
Table 'Antinous III' 6-max Seat #4 is the button
Seat 1: BGS013 ($108.52 in chips) 
Seat 2: jhegyi ($117.21 in chips) 
Seat 3: MakoEv ($100 in chips) 
Seat 4: RAidakCo ($120.54 in chips) 
Seat 5: ThiagoKigami ($99 in chips) 
Seat 6: poker_soul11 ($100 in chips) 
ThiagoKigami: posts small blind $0.50
poker_soul11: posts big blind $1
*** HOLE CARDS ***
BGS013: folds 
jhegyi: folds 
MakoEv: folds 
RAidakCo: folds 
ThiagoKigami: folds 
Uncalled bet ($0.50) returned to poker_soul11
poker_soul11 collected $1 from pot
poker_soul11: doesn't show hand 
*** SUMMARY ***
Total pot $1 | Rake $0 
Seat 1: BGS013 folded before Flop (didn't bet)
Seat 2: jhegyi folded before Flop (didn't bet)
Seat 3: MakoEv folded before Flop (didn't bet)
Seat 4: RAidakCo (button) folded before Flop (didn't bet)
Seat 5: ThiagoKigami (small blind) folded before Flop
Seat 6: poker_soul11 (big blind) collected ($1)



PokerStars Hand #254484433478:  Hold'em No Limit ($0.50/$1.00 USD) - 2025/01/21 15:16:45 WET [2025/01/21 10:16:45 ET]
Table 'Antinous III' 6-max Seat #5 is the button
Seat 1: BGS013 ($108.52 in chips) 
Seat 2: jhegyi ($117.21 in chips) 
Seat 3: MakoEv ($100 in chips) 
Seat 4: RAidakCo ($120.54 in chips) 
Seat 5: ThiagoKigami ($98.50 in chips) 
Seat 6: poker_soul11 ($100.50 in chips) 
poker_soul11: posts small blind $0.50
BGS013: posts big blind $1
*** HOLE CARDS ***
jhegyi: raises $1.50 to $2.50
MakoEv: folds 
RAidakCo: folds 
ThiagoKigami: folds 
poker_soul11: folds 
BGS013: calls $1.50
*** FLOP *** [Jc Ad Ts]
BGS013: checks 
jhegyi: bets $2
BGS013: folds 
Uncalled bet ($2) returned to jhegyi
jhegyi collected $5.22 from pot
*** SUMMARY ***
Total pot $5.50 | Rake $0.28 
Board [Jc Ad Ts]
Seat 1: BGS013 (big blind) folded on the Flop
Seat 2: jhegyi collected ($5.22)
Seat 3: MakoEv folded before Flop (didn't bet)
Seat 4: RAidakCo folded before Flop (didn't bet)
Seat 5: ThiagoKigami (button) folded before Flop (didn't bet)
Seat 6: poker_soul11 (small blind) folded before Flop



PokerStars Hand #254484438904:  Hold'em No Limit ($0.50/$1.00 USD) - 2025/01/21 15:17:12 WET [2025/01/21 10:17:12 ET]
Table 'Antinous III' 6-max Seat #6 is the button
Seat 2: jhegyi ($119.93 in chips) is sitting out
Seat 1: BGS013 ($106.02 in chips) 
Seat 3: MakoEv ($100 in chips) 
Seat 4: RAidakCo ($120.54 in chips) 
Seat 5: ThiagoKigami ($98.50 in chips) 
Seat 6: poker_soul11 ($100 in chips) 
BGS013: posts small blind $0.50
jhegyi: is sitting out 
MakoEv: posts big blind $1
*** HOLE CARDS ***
RAidakCo: folds 
ThiagoKigami: folds 
jhegyi leaves the table
poker_soul11: folds 
BGS013: folds 
Uncalled bet ($0.50) returned to MakoEv
MakoEv collected $1 from pot
MakoEv: doesn't show hand 
*** SUMMARY ***
Total pot $1 | Rake $0 
Seat 2: jhegyi
Seat 1: BGS013 (small blind) folded before Flop
Seat 3: MakoEv (big blind) collected ($1)
Seat 4: RAidakCo folded before Flop (didn't bet)
Seat 5: ThiagoKigami folded before Flop (didn't bet)
Seat 6: poker_soul11 (button) folded before Flop (didn't bet)



PokerStars Hand #254484440772:  Hold'em No Limit ($0.50/$1.00 USD) - 2025/01/21 15:17:21 WET [2025/01/21 10:17:21 ET]
Table 'Antinous III' 6-max Seat #1 is the button
Seat 1: BGS013 ($105.52 in chips) 
Seat 3: MakoEv ($100.50 in chips) 
Seat 4: RAidakCo ($120.54 in chips) 
Seat 5: ThiagoKigami ($98.50 in chips) 
Seat 6: poker_soul11 ($100 in chips) 
MakoEv: posts small blind $0.50
RAidakCo: posts big blind $1
*** HOLE CARDS ***
ThiagoKigami: raises $1.50 to $2.50
poker_soul11: folds 
BGS013: folds 
MakoEv: folds 
RAidakCo: folds 
Uncalled bet ($1.50) returned to ThiagoKigami
ThiagoKigami collected $2.50 from pot
ThiagoKigami: doesn't show hand 
*** SUMMARY ***
Total pot $2.50 | Rake $0 
Seat 1: BGS013 (button) folded before Flop (didn't bet)
Seat 3: MakoEv (small blind) folded before Flop
Seat 4: RAidakCo (big blind) folded before Flop
Seat 5: ThiagoKigami collected ($2.50)
Seat 6: poker_soul11 folded before Flop (didn't bet)



PokerStars Hand #254484444718:  Hold'em No Limit ($0.50/$1.00 USD) - 2025/01/21 15:17:40 WET [2025/01/21 10:17:40 ET]
Table 'Antinous III' 6-max Seat #3 is the button
Seat 1: BGS013 ($105.52 in chips) 
Seat 3: MakoEv ($100 in chips) 
Seat 4: RAidakCo ($119.54 in chips) 
Seat 5: ThiagoKigami ($100 in chips) 
Seat 6: poker_soul11 ($100 in chips) 
RAidakCo: posts small blind $0.50
ThiagoKigami: posts big blind $1
*** HOLE CARDS ***
poker_soul11: folds 
BGS013: folds 
MakoEv: folds 
RAidakCo: folds 
Uncalled bet ($0.50) returned to ThiagoKigami
RAidakCo leaves the table
ThiagoKigami collected $1 from pot
ThiagoKigami: doesn't show hand 
*** SUMMARY ***
Total pot $1 | Rake $0 
Seat 1: BGS013 folded before Flop (didn't bet)
Seat 3: MakoEv (button) folded before Flop (didn't bet)
Seat 4: RAidakCo (small blind) folded before Flop
Seat 5: ThiagoKigami (big blind) collected ($1)
Seat 6: poker_soul11 folded before Flop (didn't bet)



PokerStars Hand #254484448130:  Hold'em No Limit ($0.50/$1.00 USD) - 2025/01/21 15:17:57 WET [2025/01/21 10:17:57 ET]
Table 'Antinous III' 6-max Seat #5 is the button
Seat 1: BGS013 ($105.52 in chips) 
Seat 3: MakoEv ($100 in chips) 
Seat 5: ThiagoKigami ($100.50 in chips) 
Seat 6: poker_soul11 ($100 in chips) 
poker_soul11: posts small blind $0.50
BGS013: posts big blind $1
*** HOLE CARDS ***
MakoEv: folds 
ThiagoKigami: folds 
poker_soul11: folds 
Uncalled bet ($0.50) returned to BGS013
MakoEv leaves the table
BGS013 collected $1 from pot
BGS013: doesn't show hand 
*** SUMMARY ***
Total pot $1 | Rake $0 
Seat 1: BGS013 (big blind) collected ($1)
Seat 3: MakoEv folded before Flop (didn't bet)
Seat 5: ThiagoKigami (button) folded before Flop (didn't bet)
Seat 6: poker_soul11 (small blind) folded before Flop



PokerStars Hand #254484450503:  Hold'em No Limit ($0.50/$1.00 USD) - 2025/01/21 15:18:09 WET [2025/01/21 10:18:09 ET]
Table 'Antinous III' 6-max Seat #1 is the button
Seat 5: ThiagoKigami ($100.50 in chips) is sitting out
Seat 1: BGS013 ($106.02 in chips) 
Seat 6: poker_soul11 ($100 in chips) 
BGS013: posts small blind $0.50
ThiagoKigami: is sitting out 
poker_soul11: posts big blind $1
*** HOLE CARDS ***
BGS013: raises $1.50 to $2.50
poker_soul11: folds 
Uncalled bet ($1.50) returned to BGS013
BGS013 collected $2 from pot
BGS013: doesn't show hand 
ThiagoKigami leaves the table
*** SUMMARY ***
Total pot $2 | Rake $0 
Seat 5: ThiagoKigami
Seat 1: BGS013 (button) (small blind) collected ($2)
Seat 6: poker_soul11 (big blind) folded before Flop



PokerStars Hand #254484452187:  Hold'em No Limit ($0.50/$1.00 USD) - 2025/01/21 15:18:18 WET [2025/01/21 10:18:18 ET]
Table 'Antinous III' 6-max Seat #6 is the button
Seat 1: BGS013 ($107.02 in chips) 
Seat 6: poker_soul11 ($100 in chips) 
poker_soul11: posts small blind $0.50
BGS013: posts big blind $1
*** HOLE CARDS ***
poker_soul11: folds 
Uncalled bet ($0.50) returned to BGS013
BGS013 collected $1 from pot
BGS013: doesn't show hand 
*** SUMMARY ***
Total pot $1 | Rake $0 
Seat 1: BGS013 (big blind) collected ($1)
Seat 6: poker_soul11 (button) (small blind) folded before Flop



PokerStars Hand #254484461421:  Hold'em No Limit ($0.50/$1.00 USD) - 2025/01/21 15:19:03 WET [2025/01/21 10:19:03 ET]
Table 'Antinous III' 6-max Seat #1 is the button
Seat 1: BGS013 ($107.52 in chips) 
Seat 2: fobot21 ($100 in chips) 
Seat 6: poker_soul11 ($100 in chips) 
fobot21: posts small blind $0.50
poker_soul11: posts big blind $1
*** HOLE CARDS ***
BGS013: raises $1.50 to $2.50
fobot21: folds 
poker_soul11: folds 
Uncalled bet ($1.50) returned to BGS013
BGS013 collected $2.50 from pot
BGS013: doesn't show hand 
*** SUMMARY ***
Total pot $2.50 | Rake $0 
Seat 1: BGS013 (button) collected ($2.50)
Seat 2: fobot21 (small blind) folded before Flop
Seat 6: poker_soul11 (big blind) folded before Flop



PokerStars Hand #254484464867:  Hold'em No Limit ($0.50/$1.00 USD) - 2025/01/21 15:19:20 WET [2025/01/21 10:19:20 ET]
Table 'Antinous III' 6-max Seat #2 is the button
Seat 1: BGS013 ($109.02 in chips) 
Seat 2: fobot21 ($100 in chips) 
Seat 6: poker_soul11 ($100 in chips) 
poker_soul11: posts small blind $0.50
BGS013: posts big blind $1
*** HOLE CARDS ***
fobot21: raises $1.50 to $2.50
poker_soul11: folds 
BGS013: folds 
Uncalled bet ($1.50) returned to fobot21
fobot21 collected $2.50 from pot
fobot21: doesn't show hand 
*** SUMMARY ***
Total pot $2.50 | Rake $0 
Seat 1: BGS013 (big blind) folded before Flop
Seat 2: fobot21 (button) collected ($2.50)
Seat 6: poker_soul11 (small blind) folded before Flop



PokerStars Hand #254484466896:  Hold'em No Limit ($0.50/$1.00 USD) - 2025/01/21 15:19:31 WET [2025/01/21 10:19:31 ET]
Table 'Antinous III' 6-max Seat #6 is the button
Seat 1: BGS013 ($108.02 in chips) 
Seat 2: fobot21 ($101.50 in chips) 
Seat 6: poker_soul11 ($100 in chips) 
BGS013: posts small blind $0.50
fobot21: posts big blind $1
*** HOLE CARDS ***
poker_soul11: raises $1.20 to $2.20
BGS013: folds 
fobot21: calls $1.20
*** FLOP *** [7d Tc Qd]
fobot21: checks 
poker_soul11: bets $5.83
fobot21: calls $5.83
*** TURN *** [7d Tc Qd] [8s]
fobot21: checks 
poker_soul11: checks 
*** RIVER *** [7d Tc Qd 8s] [9c]
fobot21: checks 
poker_soul11: checks 
*** SHOW DOWN ***
fobot21: shows [7c Kc] (a pair of Sevens)
poker_soul11: shows [Qs As] (a pair of Queens)
poker_soul11 collected $15.73 from pot
*** SUMMARY ***
Total pot $16.56 | Rake $0.83 
Board [7d Tc Qd 8s 9c]
Seat 1: BGS013 (small blind) folded before Flop
Seat 2: fobot21 (big blind) showed [7c Kc] and lost with a pair of Sevens
Seat 6: poker_soul11 (button) showed [Qs As] and won ($15.73) with a pair of Queens



PokerStars Hand #254484477587:  Hold'em No Limit ($0.50/$1.00 USD) - 2025/01/21 15:20:23 WET [2025/01/21 10:20:23 ET]
Table 'Antinous III' 6-max Seat #1 is the button
Seat 1: BGS013 ($107.52 in chips) 
Seat 2: fobot21 ($100 in chips) 
Seat 6: poker_soul11 ($107.70 in chips) 
fobot21: posts small blind $0.50
poker_soul11: posts big blind $1
*** HOLE CARDS ***
BGS013: raises $1.50 to $2.50
fobot21: folds 
poker_soul11: raises $9.50 to $12
BGS013: raises $12 to $24
poker_soul11: calls $12
*** FLOP *** [Kd Ts 4h]
poker_soul11: checks 
BGS013: bets $11.35
poker_soul11: folds 
Uncalled bet ($11.35) returned to BGS013
BGS013 collected $47.50 from pot
BGS013: doesn't show hand 
*** SUMMARY ***
Total pot $48.50 | Rake $1 
Board [Kd Ts 4h]
Seat 1: BGS013 (button) collected ($47.50)
Seat 2: fobot21 (small blind) folded before Flop
Seat 6: poker_soul11 (big blind) folded on the Flop



PokerStars Hand #254484490032:  Hold'em No Limit ($0.50/$1.00 USD) - 2025/01/21 15:21:24 WET [2025/01/21 10:21:24 ET]
Table 'Antinous III' 6-max Seat #2 is the button
Seat 1: BGS013 ($131.02 in chips) 
Seat 2: fobot21 ($100 in chips) 
Seat 6: poker_soul11 ($100 in chips) 
poker_soul11: posts small blind $0.50
BGS013: posts big blind $1
*** HOLE CARDS ***
fobot21: folds 
poker_soul11: raises $2 to $3
BGS013: raises $6.50 to $9.50
poker_soul11: raises $90.50 to $100 and is all-in
BGS013: calls $90.50
*** FLOP *** [5s 3h Qh]
*** TURN *** [5s 3h Qh] [As]
*** RIVER *** [5s 3h Qh As] [6h]
*** SHOW DOWN ***
poker_soul11: shows [Kd Ad] (a pair of Aces)
BGS013: shows [Qs Qd] (three of a kind, Queens)
BGS013 collected $199 from pot
*** SUMMARY ***
Total pot $200 | Rake $1 
Board [5s 3h Qh As 6h]
Seat 1: BGS013 (big blind) showed [Qs Qd] and won ($199) with three of a kind, Queens
Seat 2: fobot21 (button) folded before Flop (didn't bet)
Seat 6: poker_soul11 (small blind) showed [Kd Ad] and lost with a pair of Aces



PokerStars Hand #254484496021:  Hold'em No Limit ($0.50/$1.00 USD) - 2025/01/21 15:21:53 WET [2025/01/21 10:21:53 ET]
Table 'Antinous III' 6-max Seat #6 is the button
Seat 1: BGS013 ($230.02 in chips) 
Seat 2: fobot21 ($100 in chips) 
Seat 6: poker_soul11 ($100 in chips) 
BGS013: posts small blind $0.50
fobot21: posts big blind $1
*** HOLE CARDS ***
poker_soul11: folds 
BGS013: raises $2 to $3
fobot21: folds 
Uncalled bet ($2) returned to BGS013
BGS013 collected $2 from pot
BGS013: doesn't show hand 
*** SUMMARY ***
Total pot $2 | Rake $0 
Seat 1: BGS013 (small blind) collected ($2)
Seat 2: fobot21 (big blind) folded before Flop
Seat 6: poker_soul11 (button) folded before Flop (didn't bet)



PokerStars Hand #254484498500:  Hold'em No Limit ($0.50/$1.00 USD) - 2025/01/21 15:22:06 WET [2025/01/21 10:22:06 ET]
Table 'Antinous III' 6-max Seat #1 is the button
Seat 1: BGS013 ($231.02 in chips) 
Seat 2: fobot21 ($100 in chips) 
Seat 6: poker_soul11 ($100 in chips) 
fobot21: posts small blind $0.50
poker_soul11: posts big blind $1
*** HOLE CARDS ***
BGS013: folds 
fobot21: folds 
Uncalled bet ($0.50) returned to poker_soul11
poker_soul11 collected $1 from pot
poker_soul11: doesn't show hand 
*** SUMMARY ***
Total pot $1 | Rake $0 
Seat 1: BGS013 (button) folded before Flop (didn't bet)
Seat 2: fobot21 (small blind) folded before Flop
Seat 6: poker_soul11 (big blind) collected ($1)



PokerStars Hand #254484502070:  Hold'em No Limit ($0.50/$1.00 USD) - 2025/01/21 15:22:23 WET [2025/01/21 10:22:23 ET]
Table 'Antinous III' 6-max Seat #2 is the button
Seat 1: BGS013 ($231.02 in chips) 
Seat 2: fobot21 ($100 in chips) 
Seat 6: poker_soul11 ($100.50 in chips) 
poker_soul11: posts small blind $0.50
BGS013: posts big blind $1
*** HOLE CARDS ***
fobot21: raises $1.50 to $2.50
poker_soul11: folds 
BGS013: folds 
Uncalled bet ($1.50) returned to fobot21
fobot21 collected $2.50 from pot
fobot21: doesn't show hand 
*** SUMMARY ***
Total pot $2.50 | Rake $0 
Seat 1: BGS013 (big blind) folded before Flop
Seat 2: fobot21 (button) collected ($2.50)
Seat 6: poker_soul11 (small blind) folded before Flop



PokerStars Hand #254484504828:  Hold'em No Limit ($0.50/$1.00 USD) - 2025/01/21 15:22:36 WET [2025/01/21 10:22:36 ET]
Table 'Antinous III' 6-max Seat #6 is the button
Seat 1: BGS013 ($230.02 in chips) 
Seat 2: fobot21 ($101.50 in chips) 
Seat 6: poker_soul11 ($100 in chips) 
BGS013: posts small blind $0.50
fobot21: posts big blind $1
*** HOLE CARDS ***
poker_soul11: folds 
BGS013: folds 
Uncalled bet ($0.50) returned to fobot21
fobot21 collected $1 from pot
fobot21: doesn't show hand 
*** SUMMARY ***
Total pot $1 | Rake $0 
Seat 1: BGS013 (small blind) folded before Flop
Seat 2: fobot21 (big blind) collected ($1)
Seat 6: poker_soul11 (button) folded before Flop (didn't bet)



PokerStars Hand #254484507073:  Hold'em No Limit ($0.50/$1.00 USD) - 2025/01/21 15:22:48 WET [2025/01/21 10:22:48 ET]
Table 'Antinous III' 6-max Seat #1 is the button
Seat 1: BGS013 ($229.52 in chips) 
Seat 2: fobot21 ($102 in chips) 
Seat 6: poker_soul11 ($100 in chips) 
fobot21: posts small blind $0.50
poker_soul11: posts big blind $1
*** HOLE CARDS ***
BGS013: raises $1.50 to $2.50
fobot21: folds 
poker_soul11: raises $9.50 to $12
BGS013: folds 
Uncalled bet ($9.50) returned to poker_soul11
poker_soul11 collected $5.50 from pot
poker_soul11: doesn't show hand 
*** SUMMARY ***
Total pot $5.50 | Rake $0 
Seat 1: BGS013 (button) folded before Flop
Seat 2: fobot21 (small blind) folded before Flop
Seat 6: poker_soul11 (big blind) collected ($5.50)



PokerStars Hand #254484511089:  Hold'em No Limit ($0.50/$1.00 USD) - 2025/01/21 15:23:08 WET [2025/01/21 10:23:08 ET]
Table 'Antinous III' 6-max Seat #2 is the button
Seat 1: BGS013 ($227.02 in chips) 
Seat 2: fobot21 ($101.50 in chips) 
Seat 6: poker_soul11 ($103 in chips) 
poker_soul11: posts small blind $0.50
BGS013: posts big blind $1
*** HOLE CARDS ***
fobot21: folds 
poker_soul11: raises $2 to $3
BGS013: calls $2
*** FLOP *** [6c 3c 4h]
poker_soul11: checks 
BGS013: bets $1.48
poker_soul11: calls $1.48
*** TURN *** [6c 3c 4h] [6d]
poker_soul11: checks 
BGS013: checks 
*** RIVER *** [6c 3c 4h 6d] [5s]
poker_soul11: bets $6.38
BGS013: calls $6.38
*** SHOW DOWN ***
poker_soul11: shows [Jh Qh] (a pair of Sixes)
BGS013: shows [7c 7h] (a straight, Three to Seven)
BGS013 collected $20.72 from pot
*** SUMMARY ***
Total pot $21.72 | Rake $1 
Board [6c 3c 4h 6d 5s]
Seat 1: BGS013 (big blind) showed [7c 7h] and won ($20.72) with a straight, Three to Seven
Seat 2: fobot21 (button) folded before Flop (didn't bet)
Seat 6: poker_soul11 (small blind) showed [Jh Qh] and lost with a pair of Sixes



PokerStars Hand #254484527376:  Hold'em No Limit ($0.50/$1.00 USD) - 2025/01/21 15:24:28 WET [2025/01/21 10:24:28 ET]
Table 'Antinous III' 6-max Seat #6 is the button
Seat 1: BGS013 ($236.88 in chips) 
Seat 2: fobot21 ($101.50 in chips) 
Seat 6: poker_soul11 ($100 in chips) 
BGS013: posts small blind $0.50
fobot21: posts big blind $1
*** HOLE CARDS ***
poker_soul11: folds 
BGS013: folds 
Uncalled bet ($0.50) returned to fobot21
fobot21 collected $1 from pot
fobot21: doesn't show hand 
*** SUMMARY ***
Total pot $1 | Rake $0 
Seat 1: BGS013 (small blind) folded before Flop
Seat 2: fobot21 (big blind) collected ($1)
Seat 6: poker_soul11 (button) folded before Flop (didn't bet)



PokerStars Hand #254484530130:  Hold'em No Limit ($0.50/$1.00 USD) - 2025/01/21 15:24:41 WET [2025/01/21 10:24:41 ET]
Table 'Antinous III' 6-max Seat #1 is the button
Seat 1: BGS013 ($236.38 in chips) 
Seat 2: fobot21 ($102 in chips) 
Seat 6: poker_soul11 ($100 in chips) 
fobot21: posts small blind $0.50
poker_soul11: posts big blind $1
*** HOLE CARDS ***
BGS013: raises $1.50 to $2.50
fobot21: folds 
poker_soul11: folds 
Uncalled bet ($1.50) returned to BGS013
BGS013 collected $2.50 from pot
BGS013: doesn't show hand 
*** SUMMARY ***
Total pot $2.50 | Rake $0 
Seat 1: BGS013 (button) collected ($2.50)
Seat 2: fobot21 (small blind) folded before Flop
Seat 6: poker_soul11 (big blind) folded before Flop



PokerStars Hand #254484532984:  Hold'em No Limit ($0.50/$1.00 USD) - 2025/01/21 15:24:55 WET [2025/01/21 10:24:55 ET]
Table 'Antinous III' 6-max Seat #2 is the button
Seat 1: BGS013 ($237.88 in chips) 
Seat 2: fobot21 ($101.50 in chips) 
Seat 6: poker_soul11 ($100 in chips) 
poker_soul11: posts small blind $0.50
BGS013: posts big blind $1
*** HOLE CARDS ***
fobot21: folds 
poker_soul11: folds 
Uncalled bet ($0.50) returned to BGS013
BGS013 collected $1 from pot
BGS013: doesn't show hand 
*** SUMMARY ***
Total pot $1 | Rake $0 
Seat 1: BGS013 (big blind) collected ($1)
Seat 2: fobot21 (button) folded before Flop (didn't bet)
Seat 6: poker_soul11 (small blind) folded before Flop



PokerStars Hand #254484535452:  Hold'em No Limit ($0.50/$1.00 USD) - 2025/01/21 15:25:07 WET [2025/01/21 10:25:07 ET]
Table 'Antinous III' 6-max Seat #6 is the button
Seat 1: BGS013 ($238.38 in chips) 
Seat 2: fobot21 ($101.50 in chips) 
Seat 6: poker_soul11 ($100 in chips) 
BGS013: posts small blind $0.50
fobot21: posts big blind $1
*** HOLE CARDS ***
poker_soul11: raises $1.20 to $2.20
BGS013: folds 
fobot21: folds 
Uncalled bet ($1.20) returned to poker_soul11
poker_soul11 collected $2.50 from pot
poker_soul11: doesn't show hand 
*** SUMMARY ***
Total pot $2.50 | Rake $0 
Seat 1: BGS013 (small blind) folded before Flop
Seat 2: fobot21 (big blind) folded before Flop
Seat 6: poker_soul11 (button) collected ($2.50)



PokerStars Hand #254484538583:  Hold'em No Limit ($0.50/$1.00 USD) - 2025/01/21 15:25:22 WET [2025/01/21 10:25:22 ET]
Table 'Antinous III' 6-max Seat #1 is the button
Seat 1: BGS013 ($237.88 in chips) 
Seat 2: fobot21 ($100.50 in chips) 
Seat 6: poker_soul11 ($101.50 in chips) 
fobot21: posts small blind $0.50
poker_soul11: posts big blind $1
*** HOLE CARDS ***
BGS013: raises $1.50 to $2.50
fobot21: raises $9 to $11.50
poker_soul11: folds 
BGS013: calls $9
*** FLOP *** [Ts Jc Jd]
fobot21: checks 
BGS013: checks 
*** TURN *** [Ts Jc Jd] [As]
fobot21: checks 
BGS013: bets $17.94
fobot21: calls $17.94
*** RIVER *** [Ts Jc Jd As] [8d]
fobot21: checks 
BGS013: bets $81
fobot21: folds 
Uncalled bet ($81) returned to BGS013
BGS013 collected $58.88 from pot
BGS013: doesn't show hand 
*** SUMMARY ***
Total pot $59.88 | Rake $1 
Board [Ts Jc Jd As 8d]
Seat 1: BGS013 (button) collected ($58.88)
Seat 2: fobot21 (small blind) folded on the River
Seat 6: poker_soul11 (big blind) folded before Flop



PokerStars Hand #254484562997:  Hold'em No Limit ($0.50/$1.00 USD) - 2025/01/21 15:27:21 WET [2025/01/21 10:27:21 ET]
Table 'Antinous III' 6-max Seat #2 is the button
Seat 1: BGS013 ($267.32 in chips) 
Seat 2: fobot21 ($100 in chips) 
Seat 6: poker_soul11 ($100.50 in chips) 
poker_soul11: posts small blind $0.50
BGS013: posts big blind $1
*** HOLE CARDS ***
fobot21: raises $1.50 to $2.50
poker_soul11: folds 
BGS013: folds 
Uncalled bet ($1.50) returned to fobot21
fobot21 collected $2.50 from pot
fobot21: doesn't show hand 
*** SUMMARY ***
Total pot $2.50 | Rake $0 
Seat 1: BGS013 (big blind) folded before Flop
Seat 2: fobot21 (button) collected ($2.50)
Seat 6: poker_soul11 (small blind) folded before Flop



PokerStars Hand #254484565506:  Hold'em No Limit ($0.50/$1.00 USD) - 2025/01/21 15:27:33 WET [2025/01/21 10:27:33 ET]
Table 'Antinous III' 6-max Seat #6 is the button
Seat 1: BGS013 ($266.32 in chips) 
Seat 2: fobot21 ($101.50 in chips) 
Seat 6: poker_soul11 ($100 in chips) 
BGS013: posts small blind $0.50
fobot21: posts big blind $1
*** HOLE CARDS ***
poker_soul11: raises $1.20 to $2.20
BGS013: folds 
fobot21: calls $1.20
*** FLOP *** [2c Ad As]
fobot21: checks 
poker_soul11: checks 
*** TURN *** [2c Ad As] [3h]
fobot21: bets $3.54
poker_soul11: calls $3.54
*** RIVER *** [2c Ad As 3h] [8d]
fobot21: bets $17
poker_soul11: calls $17
*** SHOW DOWN ***
fobot21: shows [5d Kd] (a pair of Aces)
poker_soul11: shows [Ah 6s] (three of a kind, Aces)
poker_soul11 collected $44.98 from pot
*** SUMMARY ***
Total pot $45.98 | Rake $1 
Board [2c Ad As 3h 8d]
Seat 1: BGS013 (small blind) folded before Flop
Seat 2: fobot21 (big blind) showed [5d Kd] and lost with a pair of Aces
Seat 6: poker_soul11 (button) showed [Ah 6s] and won ($44.98) with three of a kind, Aces



PokerStars Hand #254484576726:  Hold'em No Limit ($0.50/$1.00 USD) - 2025/01/21 15:28:28 WET [2025/01/21 10:28:28 ET]
Table 'Antinous III' 6-max Seat #1 is the button
Seat 1: BGS013 ($265.82 in chips) 
Seat 2: fobot21 ($100 in chips) 
Seat 6: poker_soul11 ($122.24 in chips) 
fobot21: posts small blind $0.50
poker_soul11: posts big blind $1
*** HOLE CARDS ***
BGS013: raises $1.50 to $2.50
fobot21: folds 
poker_soul11: folds 
Uncalled bet ($1.50) returned to BGS013
BGS013 collected $2.50 from pot
BGS013: doesn't show hand 
*** SUMMARY ***
Total pot $2.50 | Rake $0 
Seat 1: BGS013 (button) collected ($2.50)
Seat 2: fobot21 (small blind) folded before Flop
Seat 6: poker_soul11 (big blind) folded before Flop



PokerStars Hand #254484579052:  Hold'em No Limit ($0.50/$1.00 USD) - 2025/01/21 15:28:40 WET [2025/01/21 10:28:40 ET]
Table 'Antinous III' 6-max Seat #2 is the button
Seat 1: BGS013 ($267.32 in chips) 
Seat 2: fobot21 ($100 in chips) 
Seat 6: poker_soul11 ($121.24 in chips) 
poker_soul11: posts small blind $0.50
BGS013: posts big blind $1
*** HOLE CARDS ***
fobot21: folds 
poker_soul11: raises $2 to $3
BGS013: calls $2
*** FLOP *** [7h 5h 8h]
poker_soul11: bets $1.43
BGS013: calls $1.43
*** TURN *** [7h 5h 8h] [8c]
poker_soul11: checks 
BGS013: bets $2.50
poker_soul11: folds 
Uncalled bet ($2.50) returned to BGS013
BGS013 collected $8.42 from pot
BGS013: doesn't show hand 
*** SUMMARY ***
Total pot $8.86 | Rake $0.44 
Board [7h 5h 8h 8c]
Seat 1: BGS013 (big blind) collected ($8.42)
Seat 2: fobot21 (button) folded before Flop (didn't bet)
Seat 6: poker_soul11 (small blind) folded on the Turn



PokerStars Hand #254484590311:  Hold'em No Limit ($0.50/$1.00 USD) - 2025/01/21 15:29:34 WET [2025/01/21 10:29:34 ET]
Table 'Antinous III' 6-max Seat #6 is the button
Seat 1: BGS013 ($271.31 in chips) 
Seat 2: fobot21 ($100 in chips) 
Seat 6: poker_soul11 ($116.81 in chips) 
BGS013: posts small blind $0.50
fobot21: posts big blind $1
*** HOLE CARDS ***
poker_soul11: folds 
BGS013: raises $2 to $3
fobot21: raises $7 to $10
BGS013: folds 
Uncalled bet ($7) returned to fobot21
fobot21 collected $6 from pot
fobot21: doesn't show hand 
*** SUMMARY ***
Total pot $6 | Rake $0 
Seat 1: BGS013 (small blind) folded before Flop
Seat 2: fobot21 (big blind) collected ($6)
Seat 6: poker_soul11 (button) folded before Flop (didn't bet)



PokerStars Hand #254484593443:  Hold'em No Limit ($0.50/$1.00 USD) - 2025/01/21 15:29:49 WET [2025/01/21 10:29:49 ET]
Table 'Antinous III' 6-max Seat #1 is the button
Seat 1: BGS013 ($268.31 in chips) 
Seat 2: fobot21 ($103 in chips) 
Seat 6: poker_soul11 ($116.81 in chips) 
fobot21: posts small blind $0.50
poker_soul11: posts big blind $1
*** HOLE CARDS ***
BGS013: folds 
fobot21: raises $1.90 to $2.90
poker_soul11: folds 
Uncalled bet ($1.90) returned to fobot21
fobot21 collected $2 from pot
fobot21: doesn't show hand 
*** SUMMARY ***
Total pot $2 | Rake $0 
Seat 1: BGS013 (button) folded before Flop (didn't bet)
Seat 2: fobot21 (small blind) collected ($2)
Seat 6: poker_soul11 (big blind) folded before Flop



PokerStars Hand #254484595841:  Hold'em No Limit ($0.50/$1.00 USD) - 2025/01/21 15:30:00 WET [2025/01/21 10:30:00 ET]
Table 'Antinous III' 6-max Seat #2 is the button
Seat 1: BGS013 ($268.31 in chips) 
Seat 2: fobot21 ($104 in chips) 
Seat 6: poker_soul11 ($115.81 in chips) 
poker_soul11: posts small blind $0.50
BGS013: posts big blind $1
*** HOLE CARDS ***
fobot21: raises $1.50 to $2.50
poker_soul11: folds 
BGS013: folds 
Uncalled bet ($1.50) returned to fobot21
fobot21 collected $2.50 from pot
fobot21: doesn't show hand 
*** SUMMARY ***
Total pot $2.50 | Rake $0 
Seat 1: BGS013 (big blind) folded before Flop
Seat 2: fobot21 (button) collected ($2.50)
Seat 6: poker_soul11 (small blind) folded before Flop



PokerStars Hand #254484599550:  Hold'em No Limit ($0.50/$1.00 USD) - 2025/01/21 15:30:18 WET [2025/01/21 10:30:18 ET]
Table 'Antinous III' 6-max Seat #6 is the button
Seat 1: BGS013 ($267.31 in chips) 
Seat 2: fobot21 ($105.50 in chips) 
Seat 6: poker_soul11 ($115.31 in chips) 
BGS013: posts small blind $0.50
fobot21: posts big blind $1
*** HOLE CARDS ***
poker_soul11: raises $1.20 to $2.20
BGS013: folds 
fobot21: folds 
Uncalled bet ($1.20) returned to poker_soul11
poker_soul11 collected $2.50 from pot
poker_soul11: doesn't show hand 
*** SUMMARY ***
Total pot $2.50 | Rake $0 
Seat 1: BGS013 (small blind) folded before Flop
Seat 2: fobot21 (big blind) folded before Flop
Seat 6: poker_soul11 (button) collected ($2.50)



PokerStars Hand #254484603331:  Hold'em No Limit ($0.50/$1.00 USD) - 2025/01/21 15:30:36 WET [2025/01/21 10:30:36 ET]
Table 'Antinous III' 6-max Seat #1 is the button
Seat 1: BGS013 ($266.81 in chips) 
Seat 2: fobot21 ($104.50 in chips) 
Seat 6: poker_soul11 ($116.81 in chips) 
fobot21: posts small blind $0.50
poker_soul11: posts big blind $1
*** HOLE CARDS ***
BGS013: folds 
fobot21: folds 
Uncalled bet ($0.50) returned to poker_soul11
poker_soul11 collected $1 from pot
poker_soul11: doesn't show hand 
*** SUMMARY ***
Total pot $1 | Rake $0 
Seat 1: BGS013 (button) folded before Flop (didn't bet)
Seat 2: fobot21 (small blind) folded before Flop
Seat 6: poker_soul11 (big blind) collected ($1)



PokerStars Hand #254484604862:  Hold'em No Limit ($0.50/$1.00 USD) - 2025/01/21 15:30:43 WET [2025/01/21 10:30:43 ET]
Table 'Antinous III' 6-max Seat #2 is the button
Seat 1: BGS013 ($266.81 in chips) 
Seat 2: fobot21 ($104 in chips) 
Seat 6: poker_soul11 ($117.31 in chips) 
poker_soul11: posts small blind $0.50
BGS013: posts big blind $1
*** HOLE CARDS ***
fobot21: folds 
poker_soul11: folds 
Uncalled bet ($0.50) returned to BGS013
BGS013 collected $1 from pot
BGS013: doesn't show hand 
*** SUMMARY ***
Total pot $1 | Rake $0 
Seat 1: BGS013 (big blind) collected ($1)
Seat 2: fobot21 (button) folded before Flop (didn't bet)
Seat 6: poker_soul11 (small blind) folded before Flop



PokerStars Hand #254484606372:  Hold'em No Limit ($0.50/$1.00 USD) - 2025/01/21 15:30:50 WET [2025/01/21 10:30:50 ET]
Table 'Antinous III' 6-max Seat #6 is the button
Seat 1: BGS013 ($267.31 in chips) 
Seat 2: fobot21 ($104 in chips) 
Seat 6: poker_soul11 ($116.81 in chips) 
BGS013: posts small blind $0.50
fobot21: posts big blind $1
*** HOLE CARDS ***
poker_soul11: raises $1.20 to $2.20
BGS013: folds 
fobot21: folds 
Uncalled bet ($1.20) returned to poker_soul11
poker_soul11 collected $2.50 from pot
poker_soul11: doesn't show hand 
*** SUMMARY ***
Total pot $2.50 | Rake $0 
Seat 1: BGS013 (small blind) folded before Flop
Seat 2: fobot21 (big blind) folded before Flop
Seat 6: poker_soul11 (button) collected ($2.50)



PokerStars Hand #254484609020:  Hold'em No Limit ($0.50/$1.00 USD) - 2025/01/21 15:31:03 WET [2025/01/21 10:31:03 ET]
Table 'Antinous III' 6-max Seat #1 is the button
Seat 1: BGS013 ($266.81 in chips) 
Seat 2: fobot21 ($103 in chips) 
Seat 6: poker_soul11 ($118.31 in chips) 
fobot21: posts small blind $0.50
poker_soul11: posts big blind $1
*** HOLE CARDS ***
BGS013: raises $1.50 to $2.50
fobot21: folds 
poker_soul11: folds 
Uncalled bet ($1.50) returned to BGS013
BGS013 collected $2.50 from pot
BGS013: doesn't show hand 
*** SUMMARY ***
Total pot $2.50 | Rake $0 
Seat 1: BGS013 (button) collected ($2.50)
Seat 2: fobot21 (small blind) folded before Flop
Seat 6: poker_soul11 (big blind) folded before Flop



PokerStars Hand #254484611112:  Hold'em No Limit ($0.50/$1.00 USD) - 2025/01/21 15:31:13 WET [2025/01/21 10:31:13 ET]
Table 'Antinous III' 6-max Seat #2 is the button
Seat 1: BGS013 ($268.31 in chips) 
Seat 2: fobot21 ($102.50 in chips) 
Seat 6: poker_soul11 ($117.31 in chips) 
poker_soul11: posts small blind $0.50
BGS013: posts big blind $1
*** HOLE CARDS ***
fobot21: raises $1.50 to $2.50
poker_soul11: folds 
BGS013: folds 
Uncalled bet ($1.50) returned to fobot21
fobot21 collected $2.50 from pot
fobot21: doesn't show hand 
*** SUMMARY ***
Total pot $2.50 | Rake $0 
Seat 1: BGS013 (big blind) folded before Flop
Seat 2: fobot21 (button) collected ($2.50)
Seat 6: poker_soul11 (small blind) folded before Flop



PokerStars Hand #254484613732:  Hold'em No Limit ($0.50/$1.00 USD) - 2025/01/21 15:31:26 WET [2025/01/21 10:31:26 ET]
Table 'Antinous III' 6-max Seat #6 is the button
Seat 1: BGS013 ($267.31 in chips) 
Seat 2: fobot21 ($104 in chips) 
Seat 6: poker_soul11 ($116.81 in chips) 
BGS013: posts small blind $0.50
fobot21: posts big blind $1
*** HOLE CARDS ***
poker_soul11: folds 
BGS013: raises $2 to $3
fobot21: folds 
Uncalled bet ($2) returned to BGS013
BGS013 collected $2 from pot
BGS013: doesn't show hand 
*** SUMMARY ***
Total pot $2 | Rake $0 
Seat 1: BGS013 (small blind) collected ($2)
Seat 2: fobot21 (big blind) folded before Flop
Seat 6: poker_soul11 (button) folded before Flop (didn't bet)



PokerStars Hand #254484618096:  Hold'em No Limit ($0.50/$1.00 USD) - 2025/01/21 15:31:47 WET [2025/01/21 10:31:47 ET]
Table 'Antinous III' 6-max Seat #1 is the button
Seat 1: BGS013 ($268.31 in chips) 
Seat 2: fobot21 ($103 in chips) 
Seat 6: poker_soul11 ($116.81 in chips) 
fobot21: posts small blind $0.50
poker_soul11: posts big blind $1
*** HOLE CARDS ***
BGS013: folds 
fobot21: folds 
Uncalled bet ($0.50) returned to poker_soul11
poker_soul11 collected $1 from pot
poker_soul11: doesn't show hand 
*** SUMMARY ***
Total pot $1 | Rake $0 
Seat 1: BGS013 (button) folded before Flop (didn't bet)
Seat 2: fobot21 (small blind) folded before Flop
Seat 6: poker_soul11 (big blind) collected ($1)



PokerStars Hand #254484619783:  Hold'em No Limit ($0.50/$1.00 USD) - 2025/01/21 15:31:55 WET [2025/01/21 10:31:55 ET]
Table 'Antinous III' 6-max Seat #2 is the button
Seat 1: BGS013 ($268.31 in chips) 
Seat 2: fobot21 ($102.50 in chips) 
Seat 6: poker_soul11 ($117.31 in chips) 
poker_soul11: posts small blind $0.50
BGS013: posts big blind $1
*** HOLE CARDS ***
fobot21: folds 
fobot21 leaves the table
poker_soul11: folds 
Uncalled bet ($0.50) returned to BGS013
BGS013 collected $1 from pot
BGS013: doesn't show hand 
*** SUMMARY ***
Total pot $1 | Rake $0 
Seat 1: BGS013 (big blind) collected ($1)
Seat 2: fobot21 (button) folded before Flop (didn't bet)
Seat 6: poker_soul11 (small blind) folded before Flop



PokerStars Hand #254484624077:  Hold'em No Limit ($0.50/$1.00 USD) - 2025/01/21 15:32:16 WET [2025/01/21 10:32:16 ET]
Table 'Antinous III' 6-max Seat #1 is the button
Seat 1: BGS013 ($268.81 in chips) 
Seat 6: poker_soul11 ($116.81 in chips) 
BGS013: posts small blind $0.50
poker_soul11: posts big blind $1
*** HOLE CARDS ***
BGS013: folds 
Uncalled bet ($0.50) returned to poker_soul11
poker_soul11 collected $1 from pot
poker_soul11: doesn't show hand 
*** SUMMARY ***
Total pot $1 | Rake $0 
Seat 1: BGS013 (button) (small blind) folded before Flop
Seat 6: poker_soul11 (big blind) collected ($1)



PokerStars Hand #254484625446:  Hold'em No Limit ($0.50/$1.00 USD) - 2025/01/21 15:32:22 WET [2025/01/21 10:32:22 ET]
Table 'Antinous III' 6-max Seat #6 is the button
Seat 1: BGS013 ($268.31 in chips) 
Seat 6: poker_soul11 ($117.31 in chips) 
poker_soul11: posts small blind $0.50
BGS013: posts big blind $1
*** HOLE CARDS ***
poker_soul11: folds 
Uncalled bet ($0.50) returned to BGS013
BGS013 collected $1 from pot
BGS013: doesn't show hand 
*** SUMMARY ***
Total pot $1 | Rake $0 
Seat 1: BGS013 (big blind) collected ($1)
Seat 6: poker_soul11 (button) (small blind) folded before Flop



PokerStars Hand #254484818473:  Hold'em No Limit ($0.50/$1.00 USD) - 2025/01/21 15:47:35 WET [2025/01/21 10:47:35 ET]
Table 'Antinous III' 6-max Seat #1 is the button
Seat 1: BGS013 ($277.17 in chips) 
Seat 3: MAO_DZEDYN_S ($100 in chips) 
Seat 4: fobot21 ($102.50 in chips) 
MAO_DZEDYN_S: posts small blind $0.50
fobot21: posts big blind $1
*** HOLE CARDS ***
BGS013: raises $1.50 to $2.50
MAO_DZEDYN_S: folds 
fobot21: folds 
Uncalled bet ($1.50) returned to BGS013
BGS013 collected $2.50 from pot
BGS013: doesn't show hand 
*** SUMMARY ***
Total pot $2.50 | Rake $0 
Seat 1: BGS013 (button) collected ($2.50)
Seat 3: MAO_DZEDYN_S (small blind) folded before Flop
Seat 4: fobot21 (big blind) folded before Flop



PokerStars Hand #254484822359:  Hold'em No Limit ($0.50/$1.00 USD) - 2025/01/21 15:47:53 WET [2025/01/21 10:47:53 ET]
Table 'Antinous III' 6-max Seat #3 is the button
Seat 1: BGS013 ($278.67 in chips) 
Seat 3: MAO_DZEDYN_S ($100 in chips) 
Seat 4: fobot21 ($101.50 in chips) 
fobot21: posts small blind $0.50
BGS013: posts big blind $1
*** HOLE CARDS ***
MAO_DZEDYN_S: folds 
fobot21: folds 
Uncalled bet ($0.50) returned to BGS013
BGS013 collected $1 from pot
BGS013: doesn't show hand 
*** SUMMARY ***
Total pot $1 | Rake $0 
Seat 1: BGS013 (big blind) collected ($1)
Seat 3: MAO_DZEDYN_S (button) folded before Flop (didn't bet)
Seat 4: fobot21 (small blind) folded before Flop



PokerStars Hand #254484824551:  Hold'em No Limit ($0.50/$1.00 USD) - 2025/01/21 15:48:03 WET [2025/01/21 10:48:03 ET]
Table 'Antinous III' 6-max Seat #1 is the button
Seat 3: MAO_DZEDYN_S ($100 in chips) is sitting out
Seat 1: BGS013 ($279.17 in chips) 
Seat 4: fobot21 ($101 in chips) 
BGS013: posts small blind $0.50
MAO_DZEDYN_S: is sitting out 
fobot21: posts big blind $1
*** HOLE CARDS ***
BGS013: raises $1.50 to $2.50
fobot21: folds 
Uncalled bet ($1.50) returned to BGS013
BGS013 collected $2 from pot
BGS013: doesn't show hand 
*** SUMMARY ***
Total pot $2 | Rake $0 
Seat 3: MAO_DZEDYN_S
Seat 1: BGS013 (button) (small blind) collected ($2)
Seat 4: fobot21 (big blind) folded before Flop



PokerStars Hand #254484827133:  Hold'em No Limit ($0.50/$1.00 USD) - 2025/01/21 15:48:15 WET [2025/01/21 10:48:15 ET]
Table 'Antinous III' 6-max Seat #4 is the button
Seat 1: BGS013 ($280.17 in chips) 
Seat 3: MAO_DZEDYN_S ($100 in chips) 
Seat 4: fobot21 ($100 in chips) 
BGS013: posts small blind $0.50
MAO_DZEDYN_S: posts big blind $1
*** HOLE CARDS ***
fobot21: raises $1.50 to $2.50
BGS013: folds 
MAO_DZEDYN_S: calls $1.50
*** FLOP *** [7s 9d 2d]
poker_soul11 joins the table at seat #6 
MAO_DZEDYN_S: checks 
fobot21: checks 
*** TURN *** [7s 9d 2d] [Kd]
MAO_DZEDYN_S: checks 
JoeBlack_MS joins the table at seat #2 
fobot21: bets $3.39
MAO_DZEDYN_S: raises $13 to $16.39
fobot21: folds 
Uncalled bet ($13) returned to MAO_DZEDYN_S
MAO_DZEDYN_S collected $11.67 from pot
MAO_DZEDYN_S: doesn't show hand 
*** SUMMARY ***
Total pot $12.28 | Rake $0.61 
Board [7s 9d 2d Kd]
Seat 1: BGS013 (small blind) folded before Flop
Seat 3: MAO_DZEDYN_S (big blind) collected ($11.67)
Seat 4: fobot21 (button) folded on the Turn



PokerStars Hand #254484840857:  Hold'em No Limit ($0.50/$1.00 USD) - 2025/01/21 15:49:20 WET [2025/01/21 10:49:20 ET]
Table 'Antinous III' 6-max Seat #1 is the button
Seat 2: JoeBlack_MS ($100 in chips) is sitting out
Seat 4: fobot21 ($100 in chips) is sitting out
Seat 1: BGS013 ($279.67 in chips) 
Seat 3: MAO_DZEDYN_S ($105.78 in chips) 
Seat 6: poker_soul11 ($116.81 in chips) 
MAO_DZEDYN_S: posts small blind $0.50
fobot21: is sitting out 
poker_soul11: posts big blind $1
*** HOLE CARDS ***
fobot21 leaves the table
BGS013: folds 
MAO_DZEDYN_S: raises $2 to $3
poker_soul11: folds 
Uncalled bet ($2) returned to MAO_DZEDYN_S
MAO_DZEDYN_S collected $2 from pot
MAO_DZEDYN_S: doesn't show hand 
BGS013 leaves the table
*** SUMMARY ***
Total pot $2 | Rake $0 
Seat 2: JoeBlack_MS
Seat 4: fobot21
Seat 1: BGS013 (button) folded before Flop (didn't bet)
Seat 3: MAO_DZEDYN_S (small blind) collected ($2)
Seat 6: poker_soul11 (big blind) folded before Flop



PokerStars Hand #254484843164:  Hold'em No Limit ($0.50/$1.00 USD) - 2025/01/21 15:49:31 WET [2025/01/21 10:49:31 ET]
Table 'Antinous III' 6-max Seat #3 is the button
Seat 2: JoeBlack_MS ($100 in chips) 
Seat 3: MAO_DZEDYN_S ($106.78 in chips) 
Seat 6: poker_soul11 ($115.81 in chips) 
poker_soul11: posts small blind $0.50
JoeBlack_MS: posts big blind $1
*** HOLE CARDS ***
m1lkdud joins the table at seat #1 
m1lkdud is disconnected 
blistein joins the table at seat #5 
mr.Jckpot joins the table at seat #4 
MAO_DZEDYN_S: folds 
poker_soul11: raises $2 to $3
JoeBlack_MS: raises $6 to $9
poker_soul11: folds 
Uncalled bet ($6) returned to JoeBlack_MS
JoeBlack_MS collected $6 from pot
JoeBlack_MS: doesn't show hand 
*** SUMMARY ***
Total pot $6 | Rake $0 
Seat 2: JoeBlack_MS (big blind) collected ($6)
Seat 3: MAO_DZEDYN_S (button) folded before Flop (didn't bet)
Seat 6: poker_soul11 (small blind) folded before Flop



PokerStars Hand #254484848671:  Hold'em No Limit ($0.50/$1.00 USD) - 2025/01/21 15:49:57 WET [2025/01/21 10:49:57 ET]
Table 'Antinous III' 6-max Seat #6 is the button
Seat 1: m1lkdud ($100 in chips) is sitting out
Seat 3: MAO_DZEDYN_S ($106.78 in chips) is sitting out
Seat 5: blistein ($100 in chips) is sitting out
Seat 2: JoeBlack_MS ($103 in chips) 
Seat 4: mr.Jckpot ($100 in chips) 
Seat 6: poker_soul11 ($112.81 in chips) 
JoeBlack_MS: posts small blind $0.50
MAO_DZEDYN_S: is sitting out 
mr.Jckpot: posts big blind $1
blistein: sits out 
*** HOLE CARDS ***
MAO_DZEDYN_S leaves the table
poker_soul11: raises $1.20 to $2.20
JoeBlack_MS: folds 
mr.Jckpot: folds 
Uncalled bet ($1.20) returned to poker_soul11
skanb joins the table at seat #3 
poker_soul11 collected $2.50 from pot
poker_soul11: doesn't show hand 
*** SUMMARY ***
Total pot $2.50 | Rake $0 
Seat 1: m1lkdud
Seat 3: MAO_DZEDYN_S
Seat 5: blistein
Seat 2: JoeBlack_MS (small blind) folded before Flop
Seat 4: mr.Jckpot (big blind) folded before Flop
Seat 6: poker_soul11 (button) collected ($2.50)



PokerStars Hand #254484850856:  Hold'em No Limit ($0.50/$1.00 USD) - 2025/01/21 15:50:07 WET [2025/01/21 10:50:07 ET]
Table 'Antinous III' 6-max Seat #2 is the button
Seat 1: m1lkdud ($100 in chips) is sitting out
Seat 3: skanb ($100 in chips) is sitting out
Seat 2: JoeBlack_MS ($102.50 in chips) 
Seat 4: mr.Jckpot ($100 in chips) 
Seat 5: blistein ($100 in chips) 
Seat 6: poker_soul11 ($114.31 in chips) 
mr.Jckpot: posts small blind $0.50
blistein: posts big blind $1
m1lkdud: sits out 
*** HOLE CARDS ***
poker_soul11: raises $1.20 to $2.20
JoeBlack_MS: folds 
mr.Jckpot: folds 
blistein: calls $1.20
*** FLOP *** [6s 6d Jh]
blistein: checks 
poker_soul11: checks 
*** TURN *** [6s 6d Jh] [4h]
m1lkdud leaves the table
blistein: checks 
poker_soul11: bets $3.50
blistein: folds 
Uncalled bet ($3.50) returned to poker_soul11
poker_soul11 collected $4.66 from pot
poker_soul11: doesn't show hand 
*** SUMMARY ***
Total pot $4.90 | Rake $0.24 
Board [6s 6d Jh 4h]
Seat 1: m1lkdud
Seat 3: skanb
Seat 2: JoeBlack_MS (button) folded before Flop (didn't bet)
Seat 4: mr.Jckpot (small blind) folded before Flop
Seat 5: blistein (big blind) folded on the Turn
Seat 6: poker_soul11 collected ($4.66)



PokerStars Hand #254484858905:  Hold'em No Limit ($0.50/$1.00 USD) - 2025/01/21 15:50:45 WET [2025/01/21 10:50:45 ET]
Table 'Antinous III' 6-max Seat #4 is the button
Seat 3: skanb ($100 in chips) is sitting out
Seat 6: poker_soul11 ($116.77 in chips) is sitting out
Seat 2: JoeBlack_MS ($102.50 in chips) 
Seat 4: mr.Jckpot ($100 in chips) 
Seat 5: blistein ($100 in chips) 
blistein: posts small blind $0.50
poker_soul11: is sitting out 
JoeBlack_MS: posts big blind $1
skanb: sits out 
*** HOLE CARDS ***
mr.Jckpot: folds 
blistein: raises $2 to $3
JoeBlack_MS: folds 
Uncalled bet ($2) returned to blistein
blistein collected $2 from pot
blistein: doesn't show hand 
*** SUMMARY ***
Total pot $2 | Rake $0 
Seat 3: skanb
Seat 6: poker_soul11
Seat 2: JoeBlack_MS (big blind) folded before Flop
Seat 4: mr.Jckpot (button) folded before Flop (didn't bet)
Seat 5: blistein (small blind) collected ($2)



PokerStars Hand #254484861128:  Hold'em No Limit ($0.50/$1.00 USD) - 2025/01/21 15:50:56 WET [2025/01/21 10:50:56 ET]
Table 'Antinous III' 6-max Seat #5 is the button
Seat 6: poker_soul11 ($116.77 in chips) is sitting out
Seat 2: JoeBlack_MS ($101.50 in chips) 
Seat 3: skanb ($100 in chips) 
Seat 4: mr.Jckpot ($100 in chips) 
Seat 5: blistein ($101 in chips) 
JoeBlack_MS: posts small blind $0.50
skanb: posts big blind $1
*** HOLE CARDS ***
mr.Jckpot: raises $1.50 to $2.50
blistein: folds 
JoeBlack_MS: folds 
skanb: folds 
Uncalled bet ($1.50) returned to mr.Jckpot
mr.Jckpot collected $2.50 from pot
mr.Jckpot: doesn't show hand 
*** SUMMARY ***
Total pot $2.50 | Rake $0 
Seat 6: poker_soul11
Seat 2: JoeBlack_MS (small blind) folded before Flop
Seat 3: skanb (big blind) folded before Flop
Seat 4: mr.Jckpot collected ($2.50)
Seat 5: blistein (button) folded before Flop (didn't bet)



PokerStars Hand #254484863070:  Hold'em No Limit ($0.50/$1.00 USD) - 2025/01/21 15:51:05 WET [2025/01/21 10:51:05 ET]
Table 'Antinous III' 6-max Seat #2 is the button
Seat 6: poker_soul11 ($116.77 in chips) is sitting out
Seat 2: JoeBlack_MS ($101 in chips) 
Seat 3: skanb ($100 in chips) 
Seat 4: mr.Jckpot ($101.50 in chips) 
Seat 5: blistein ($101 in chips) 
skanb: posts small blind $0.50
mr.Jckpot: posts big blind $1
poker_soul11: sits out 
*** HOLE CARDS ***
blistein: folds 
poker_soul11 leaves the table
JoeBlack_MS: folds 
skanb: raises $2 to $3
blistein leaves the table
mr.Jckpot: folds 
Uncalled bet ($2) returned to skanb
skanb collected $2 from pot
skanb: doesn't show hand 
*** SUMMARY ***
Total pot $2 | Rake $0 
Seat 6: poker_soul11
Seat 2: JoeBlack_MS (button) folded before Flop (didn't bet)
Seat 3: skanb (small blind) collected ($2)
Seat 4: mr.Jckpot (big blind) folded before Flop
Seat 5: blistein folded before Flop (didn't bet)



PokerStars Hand #254484866068:  Hold'em No Limit ($0.50/$1.00 USD) - 2025/01/21 15:51:19 WET [2025/01/21 10:51:19 ET]
Table 'Antinous III' 6-max Seat #3 is the button
Seat 2: JoeBlack_MS ($101 in chips) 
Seat 3: skanb ($101 in chips) 
Seat 4: mr.Jckpot ($100.50 in chips) 
mr.Jckpot: posts small blind $0.50
JoeBlack_MS: posts big blind $1
*** HOLE CARDS ***
skanb: folds 
skanb leaves the table
mr.Jckpot: folds 
Uncalled bet ($0.50) returned to JoeBlack_MS
JoeBlack_MS collected $1 from pot
JoeBlack_MS: doesn't show hand 
*** SUMMARY ***
Total pot $1 | Rake $0 
Seat 2: JoeBlack_MS (big blind) collected ($1)
Seat 3: skanb (button) folded before Flop (didn't bet)
Seat 4: mr.Jckpot (small blind) folded before Flop



