PokerStars Hand #254485221649:  Hold'em No Limit ($0.50/$1.00 USD) - 2025/01/21 16:20:06 WET [2025/01/21 11:20:06 ET]
Table 'Leonora IV' 6-max Seat #6 is the button
Seat 1: mr.Jckpot ($104.31 in chips) 
Seat 2: v.sting ($100 in chips) 
Seat 3: raketkasix ($100 in chips) 
Seat 4: CichiChanMarian ($103.50 in chips) 
Seat 5: VultureFulvus ($100 in chips) 
Seat 6: Gfoer ($100 in chips) 
mr.Jckpot: posts small blind $0.50
v.sting: posts big blind $1
*** HOLE CARDS ***
raketkasix: raises $1.50 to $2.50
CichiChanMarian: folds 
VultureFulvus: folds 
Gfoer: folds 
mr.Jckpot: folds 
v.sting: calls $1.50
*** FLOP *** [2s 6s 2d]
v.sting: checks 
raketkasix: bets $1.32
v.sting: calls $1.32
*** TURN *** [2s 6s 2d] [7h]
v.sting: checks 
raketkasix: checks 
*** RIVER *** [2s 6s 2d 7h] [3h]
v.sting: bets $5.55
raketkasix: folds 
Uncalled bet ($5.55) returned to v.sting
v.sting collected $7.73 from pot
v.sting: doesn't show hand 
*** SUMMARY ***
Total pot $8.14 | Rake $0.41 
Board [2s 6s 2d 7h 3h]
Seat 1: mr.Jckpot (small blind) folded before Flop
Seat 2: v.sting (big blind) collected ($7.73)
Seat 3: raketkasix folded on the River
Seat 4: CichiChanMarian folded before Flop (didn't bet)
Seat 5: VultureFulvus folded before Flop (didn't bet)
Seat 6: Gfoer (button) folded before Flop (didn't bet)



PokerStars Hand #254485244434:  Hold'em No Limit ($0.50/$1.00 USD) - 2025/01/21 16:21:50 WET [2025/01/21 11:21:50 ET]
Table 'Leonora IV' 6-max Seat #1 is the button
Seat 3: raketkasix ($100 in chips) is sitting out
Seat 1: mr.Jckpot ($103.81 in chips) 
Seat 2: v.sting ($103.91 in chips) 
Seat 4: CichiChanMarian ($103.50 in chips) 
Seat 5: VultureFulvus ($100 in chips) 
Seat 6: Gfoer ($100 in chips) 
v.sting: posts small blind $0.50
raketkasix: is sitting out 
CichiChanMarian: posts big blind $1
*** HOLE CARDS ***
VultureFulvus: folds 
raketkasix leaves the table
Gfoer: folds 
mr.Jckpot: folds 
v.sting: folds 
Uncalled bet ($0.50) returned to CichiChanMarian
CichiChanMarian collected $1 from pot
CichiChanMarian: doesn't show hand 
*** SUMMARY ***
Total pot $1 | Rake $0 
Seat 3: raketkasix
Seat 1: mr.Jckpot (button) folded before Flop (didn't bet)
Seat 2: v.sting (small blind) folded before Flop
Seat 4: CichiChanMarian (big blind) collected ($1)
Seat 5: VultureFulvus folded before Flop (didn't bet)
Seat 6: Gfoer folded before Flop (didn't bet)



PokerStars Hand #254485247035:  Hold'em No Limit ($0.50/$1.00 USD) - 2025/01/21 16:22:01 WET [2025/01/21 11:22:01 ET]
Table 'Leonora IV' 6-max Seat #2 is the button
Seat 1: mr.Jckpot ($103.81 in chips) 
Seat 2: v.sting ($103.41 in chips) 
Seat 4: CichiChanMarian ($104 in chips) 
Seat 5: VultureFulvus ($100 in chips) 
Seat 6: Gfoer ($100 in chips) 
CichiChanMarian: posts small blind $0.50
VultureFulvus: posts big blind $1
*** HOLE CARDS ***
IREQO joins the table at seat #3 
Gfoer: folds 
mr.Jckpot: folds 
Gfoer leaves the table
v.sting: folds 
CichiChanMarian: folds 
Uncalled bet ($0.50) returned to VultureFulvus
VultureFulvus collected $1 from pot
*** SUMMARY ***
Total pot $1 | Rake $0 
Seat 1: mr.Jckpot folded before Flop (didn't bet)
Seat 2: v.sting (button) folded before Flop (didn't bet)
Seat 4: CichiChanMarian (small blind) folded before Flop
Seat 5: VultureFulvus (big blind) collected ($1)
Seat 6: Gfoer folded before Flop (didn't bet)



PokerStars Hand #254485249945:  Hold'em No Limit ($0.50/$1.00 USD) - 2025/01/21 16:22:15 WET [2025/01/21 11:22:15 ET]
Table 'Leonora IV' 6-max Seat #4 is the button
Seat 3: IREQO ($100 in chips) is sitting out
Seat 1: mr.Jckpot ($103.81 in chips) 
Seat 2: v.sting ($103.41 in chips) 
Seat 4: CichiChanMarian ($103.50 in chips) 
Seat 5: VultureFulvus ($100.50 in chips) 
VultureFulvus: posts small blind $0.50
mr.Jckpot: posts big blind $1
ARCTlCkiss joins the table at seat #6 
IREQO: sits out 
*** HOLE CARDS ***
v.sting: folds 
CichiChanMarian: raises $1.50 to $2.50
v.sting leaves the table
VultureFulvus: raises $3.50 to $6
mr.Jckpot: folds 
CichiChanMarian: calls $3.50
*** FLOP *** [7s 9h Qc]
VultureFulvus: bets $4.18
CichiChanMarian: folds 
Uncalled bet ($4.18) returned to VultureFulvus
3EPH joins the table at seat #2 
VultureFulvus collected $12.35 from pot
*** SUMMARY ***
Total pot $13 | Rake $0.65 
Board [7s 9h Qc]
Seat 3: IREQO
Seat 1: mr.Jckpot (big blind) folded before Flop
Seat 2: v.sting folded before Flop (didn't bet)
Seat 4: CichiChanMarian (button) folded on the Flop
Seat 5: VultureFulvus (small blind) collected ($12.35)



PokerStars Hand #254485258113:  Hold'em No Limit ($0.50/$1.00 USD) - 2025/01/21 16:22:52 WET [2025/01/21 11:22:52 ET]
Table 'Leonora IV' 6-max Seat #5 is the button
Seat 3: IREQO ($100 in chips) is sitting out
Seat 6: ARCTlCkiss ($100 in chips) is sitting out
Seat 1: mr.Jckpot ($102.81 in chips) 
Seat 2: 3EPH ($100 in chips) 
Seat 4: CichiChanMarian ($100 in chips) 
Seat 5: VultureFulvus ($106.85 in chips) 
mr.Jckpot: posts small blind $0.50
3EPH: posts big blind $1
IREQO: sits out 
*** HOLE CARDS ***
CichiChanMarian: folds 
VultureFulvus: raises $2 to $3
mr.Jckpot: folds 
3EPH: folds 
Uncalled bet ($2) returned to VultureFulvus
VultureFulvus collected $2.50 from pot
*** SUMMARY ***
Total pot $2.50 | Rake $0 
Seat 3: IREQO
Seat 6: ARCTlCkiss
Seat 1: mr.Jckpot (small blind) folded before Flop
Seat 2: 3EPH (big blind) folded before Flop
Seat 4: CichiChanMarian folded before Flop (didn't bet)
Seat 5: VultureFulvus (button) collected ($2.50)



PokerStars Hand #254485260853:  Hold'em No Limit ($0.50/$1.00 USD) - 2025/01/21 16:23:05 WET [2025/01/21 11:23:05 ET]
Table 'Leonora IV' 6-max Seat #1 is the button
Seat 6: ARCTlCkiss ($100 in chips) is sitting out
Seat 1: mr.Jckpot ($102.31 in chips) 
Seat 2: 3EPH ($100 in chips) 
Seat 3: IREQO ($100 in chips) 
Seat 4: CichiChanMarian ($100 in chips) 
Seat 5: VultureFulvus ($108.35 in chips) 
3EPH: posts small blind $0.50
IREQO: posts big blind $1
ARCTlCkiss: sits out 
*** HOLE CARDS ***
CichiChanMarian: raises $1.50 to $2.50
VultureFulvus: folds 
mr.Jckpot: folds 
3EPH: folds 
VultureFulvus leaves the table
IREQO: folds 
Uncalled bet ($1.50) returned to CichiChanMarian
CichiChanMarian collected $2.50 from pot
CichiChanMarian: doesn't show hand 
*** SUMMARY ***
Total pot $2.50 | Rake $0 
Seat 6: ARCTlCkiss
Seat 1: mr.Jckpot (button) folded before Flop (didn't bet)
Seat 2: 3EPH (small blind) folded before Flop
Seat 3: IREQO (big blind) folded before Flop
Seat 4: CichiChanMarian collected ($2.50)
Seat 5: VultureFulvus folded before Flop (didn't bet)



PokerStars Hand #254485265532:  Hold'em No Limit ($0.50/$1.00 USD) - 2025/01/21 16:23:26 WET [2025/01/21 11:23:26 ET]
Table 'Leonora IV' 6-max Seat #2 is the button
Seat 6: ARCTlCkiss ($100 in chips) is sitting out
Seat 1: mr.Jckpot ($102.31 in chips) 
Seat 2: 3EPH ($100 in chips) 
Seat 3: IREQO ($100 in chips) 
Seat 4: CichiChanMarian ($101.50 in chips) 
IREQO: posts small blind $0.50
CichiChanMarian: posts big blind $1
ARCTlCkiss: sits out 
*** HOLE CARDS ***
mr.Jckpot: folds 
3EPH: folds 
IREQO: folds 
Uncalled bet ($0.50) returned to CichiChanMarian
CichiChanMarian collected $1 from pot
CichiChanMarian: doesn't show hand 
*** SUMMARY ***
Total pot $1 | Rake $0 
Seat 6: ARCTlCkiss
Seat 1: mr.Jckpot folded before Flop (didn't bet)
Seat 2: 3EPH (button) folded before Flop (didn't bet)
Seat 3: IREQO (small blind) folded before Flop
Seat 4: CichiChanMarian (big blind) collected ($1)



PokerStars Hand #254485269396:  Hold'em No Limit ($0.50/$1.00 USD) - 2025/01/21 16:23:44 WET [2025/01/21 11:23:44 ET]
Table 'Leonora IV' 6-max Seat #3 is the button
Seat 1: mr.Jckpot ($102.31 in chips) 
Seat 2: 3EPH ($100 in chips) 
Seat 3: IREQO ($100 in chips) 
Seat 4: CichiChanMarian ($102 in chips) 
Seat 6: ARCTlCkiss ($100 in chips) 
CichiChanMarian: posts small blind $0.50
ARCTlCkiss: posts big blind $1
*** HOLE CARDS ***
mr.Jckpot: raises $1.50 to $2.50
3EPH: folds 
IREQO: raises $4.87 to $7.37
CichiChanMarian: folds 
ARCTlCkiss: folds 
mr.Jckpot: folds 
Uncalled bet ($4.87) returned to IREQO
IREQO collected $6.50 from pot
IREQO: doesn't show hand 
*** SUMMARY ***
Total pot $6.50 | Rake $0 
Seat 1: mr.Jckpot folded before Flop
Seat 2: 3EPH folded before Flop (didn't bet)
Seat 3: IREQO (button) collected ($6.50)
Seat 4: CichiChanMarian (small blind) folded before Flop
Seat 6: ARCTlCkiss (big blind) folded before Flop



PokerStars Hand #254485274846:  Hold'em No Limit ($0.50/$1.00 USD) - 2025/01/21 16:24:08 WET [2025/01/21 11:24:08 ET]
Table 'Leonora IV' 6-max Seat #4 is the button
Seat 1: mr.Jckpot ($100 in chips) 
Seat 2: 3EPH ($100 in chips) 
Seat 3: IREQO ($104 in chips) 
Seat 4: CichiChanMarian ($101.50 in chips) 
Seat 6: ARCTlCkiss ($100 in chips) 
ARCTlCkiss: posts small blind $0.50
mr.Jckpot: posts big blind $1
*** HOLE CARDS ***
3EPH: raises $1.50 to $2.50
IREQO: folds 
CichiChanMarian: folds 
ARCTlCkiss: folds 
mr.Jckpot: folds 
Uncalled bet ($1.50) returned to 3EPH
3EPH collected $2.50 from pot
3EPH: doesn't show hand 
*** SUMMARY ***
Total pot $2.50 | Rake $0 
Seat 1: mr.Jckpot (big blind) folded before Flop
Seat 2: 3EPH collected ($2.50)
Seat 3: IREQO folded before Flop (didn't bet)
Seat 4: CichiChanMarian (button) folded before Flop (didn't bet)
Seat 6: ARCTlCkiss (small blind) folded before Flop



