PokerStars Hand #254481127170:  Hold'em No Limit ($0.50/$1.00 USD) - 2025/01/21 7:49:43 WET [2025/01/21 2:49:43 ET]
Table 'Eleonora III' 6-max Seat #4 is the button
Seat 2: Amara2009 ($6.78 in chips) 
Seat 3: 3EBC96 ($101.83 in chips) 
Seat 4: CashfishT ($100 in chips) 
Seat 5: Burlica2013 ($102.28 in chips) 
Burlica2013: posts small blind $0.50
Amara2009: posts big blind $1
*** HOLE CARDS ***
3EBC96: raises $1.50 to $2.50
CashfishT: folds 
Burlica2013: folds 
Amara2009: raises $4.28 to $6.78 and is all-in
3EBC96: calls $4.28
*** FLOP *** [Tc 5d 7c]
*** TURN *** [Tc 5d 7c] [9d]
*** RIVER *** [Tc 5d 7c 9d] [Ac]
*** SHOW DOWN ***
Amara2009: shows [Kh 7d] (a pair of Sevens)
3EBC96: shows [Td 8d] (a pair of Tens)
3EBC96 collected $13.36 from pot
*** SUMMARY ***
Total pot $14.06 | Rake $0.70 
Board [Tc 5d 7c 9d Ac]
Seat 2: Amara2009 (big blind) showed [Kh 7d] and lost with a pair of Sevens
Seat 3: 3EBC96 showed [Td 8d] and won ($13.36) with a pair of Tens
Seat 4: CashfishT (button) folded before Flop (didn't bet)
Seat 5: Burlica2013 (small blind) folded before Flop



PokerStars Hand #254481129043:  Hold'em No Limit ($0.50/$1.00 USD) - 2025/01/21 7:50:10 WET [2025/01/21 2:50:10 ET]
Table 'Eleonora III' 6-max Seat #5 is the button
Seat 2: Amara2009 ($0 in chips) is sitting out
Seat 3: 3EBC96 ($108.41 in chips) 
Seat 4: CashfishT ($100 in chips) 
Seat 5: Burlica2013 ($101.78 in chips) 
3EBC96: posts small blind $0.50
CashfishT: posts big blind $1
*** HOLE CARDS ***
Burlica2013: folds 
3EBC96: raises $2 to $3
Amara2009 is disconnected 
CashfishT: folds 
Uncalled bet ($2) returned to 3EBC96
3EBC96 collected $2 from pot
3EBC96: doesn't show hand 
*** SUMMARY ***
Total pot $2 | Rake $0 
Seat 2: Amara2009
Seat 3: 3EBC96 (small blind) collected ($2)
Seat 4: CashfishT (big blind) folded before Flop
Seat 5: Burlica2013 (button) folded before Flop (didn't bet)



PokerStars Hand #254481130876:  Hold'em No Limit ($0.50/$1.00 USD) - 2025/01/21 7:50:36 WET [2025/01/21 2:50:36 ET]
Table 'Eleonora III' 6-max Seat #3 is the button
Seat 2: Amara2009 ($0 in chips) is sitting out
Seat 3: 3EBC96 ($109.41 in chips) 
Seat 4: CashfishT ($100 in chips) 
Seat 5: Burlica2013 ($101.78 in chips) 
CashfishT: posts small blind $0.50
Burlica2013: posts big blind $1
*** HOLE CARDS ***
3EBC96: folds 
CashfishT: raises $2 to $3
Burlica2013: calls $2
*** FLOP *** [4d 8h 4s]
CashfishT: checks 
Burlica2013: checks 
*** TURN *** [4d 8h 4s] [7d]
CashfishT: checks 
Burlica2013: bets $2.85
CashfishT: calls $2.85
*** RIVER *** [4d 8h 4s 7d] [7c]
CashfishT: checks 
Burlica2013: bets $8.34
CashfishT: calls $8.34
*** SHOW DOWN ***
Burlica2013: shows [8c Th] (two pair, Eights and Sevens)
CashfishT: mucks hand 
Burlica2013 collected $27.38 from pot
*** SUMMARY ***
Total pot $28.38 | Rake $1 
Board [4d 8h 4s 7d 7c]
Seat 2: Amara2009
Seat 3: 3EBC96 (button) folded before Flop (didn't bet)
Seat 4: CashfishT (small blind) mucked
Seat 5: Burlica2013 (big blind) showed [8c Th] and won ($27.38) with two pair, Eights and Sevens



PokerStars Hand #254481136380:  Hold'em No Limit ($0.50/$1.00 USD) - 2025/01/21 7:51:54 WET [2025/01/21 2:51:54 ET]
Table 'Eleonora III' 6-max Seat #5 is the button
Seat 2: Amara2009 ($0 in chips) is sitting out
Seat 3: 3EBC96 ($109.41 in chips) is sitting out
Seat 4: CashfishT ($100 in chips) 
Seat 5: Burlica2013 ($114.97 in chips) 
Burlica2013: posts small blind $0.50
3EBC96: is sitting out 
CashfishT: posts big blind $1
*** HOLE CARDS ***
Burlica2013: raises $2 to $3
3EBC96 leaves the table
CashfishT: folds 
Uncalled bet ($2) returned to Burlica2013
Burlica2013 collected $2 from pot
Burlica2013: doesn't show hand 
*** SUMMARY ***
Total pot $2 | Rake $0 
Seat 2: Amara2009
Seat 3: 3EBC96
Seat 4: CashfishT (big blind) folded before Flop
Seat 5: Burlica2013 (button) (small blind) collected ($2)



PokerStars Hand #254481137028:  Hold'em No Limit ($0.50/$1.00 USD) - 2025/01/21 7:52:04 WET [2025/01/21 2:52:04 ET]
Table 'Eleonora III' 6-max Seat #4 is the button
Seat 2: Amara2009 ($0 in chips) is sitting out
Seat 4: CashfishT ($100 in chips) 
Seat 5: Burlica2013 ($115.97 in chips) 
CashfishT: posts small blind $0.50
Burlica2013: posts big blind $1
*** HOLE CARDS ***
CashfishT: raises $1.20 to $2.20
Burlica2013: calls $1.20
*** FLOP *** [7s 5d 4c]
Burlica2013: checks 
CashfishT: bets $1.38
Burlica2013: folds 
Uncalled bet ($1.38) returned to CashfishT
CashfishT collected $4.18 from pot
CashfishT: doesn't show hand 
*** SUMMARY ***
Total pot $4.40 | Rake $0.22 
Board [7s 5d 4c]
Seat 2: Amara2009
Seat 4: CashfishT (button) (small blind) collected ($4.18)
Seat 5: Burlica2013 (big blind) folded on the Flop



PokerStars Hand #254481268019:  Hold'em No Limit ($0.50/$1.00 USD) - 2025/01/21 8:23:16 WET [2025/01/21 3:23:16 ET]
Table 'Eleonora III' 6-max Seat #5 is the button
Seat 1: AlexEliseev7 ($100 in chips) 
Seat 2: B1GBankroll ($100 in chips) 
Seat 3: blistein ($100 in chips) 
Seat 4: nickreason17 ($100 in chips) 
Seat 5: Ship4545 ($30.37 in chips) 
Seat 6: steelNike ($10 in chips) 
steelNike: posts small blind $0.50
AlexEliseev7: posts big blind $1
*** HOLE CARDS ***
B1GBankroll: folds 
blistein: raises $1.20 to $2.20
nickreason17: raises $4.80 to $7
Ship4545: folds 
steelNike: folds 
AlexEliseev7: folds 
blistein: calls $4.80
*** FLOP *** [6c Qs 8d]
blistein: checks 
nickreason17: bets $4.42
blistein: calls $4.42
*** TURN *** [6c Qs 8d] [7d]
blistein: checks 
nickreason17: checks 
*** RIVER *** [6c Qs 8d 7d] [Kh]
blistein: checks 
nickreason17: checks 
*** SHOW DOWN ***
blistein: shows [Jc Js] (a pair of Jacks)
nickreason17: shows [Kc Ad] (a pair of Kings)
nickreason17 collected $23.12 from pot
*** SUMMARY ***
Total pot $24.34 | Rake $1.22 
Board [6c Qs 8d 7d Kh]
Seat 1: AlexEliseev7 (big blind) folded before Flop
Seat 2: B1GBankroll folded before Flop (didn't bet)
Seat 3: blistein showed [Jc Js] and lost with a pair of Jacks
Seat 4: nickreason17 showed [Kc Ad] and won ($23.12) with a pair of Kings
Seat 5: Ship4545 (button) folded before Flop (didn't bet)
Seat 6: steelNike (small blind) folded before Flop



PokerStars Hand #254481275229:  Hold'em No Limit ($0.50/$1.00 USD) - 2025/01/21 8:24:53 WET [2025/01/21 3:24:53 ET]
Table 'Eleonora III' 6-max Seat #6 is the button
Seat 1: AlexEliseev7 ($100 in chips) 
Seat 2: B1GBankroll ($100 in chips) 
Seat 3: blistein ($100 in chips) 
Seat 4: nickreason17 ($111.70 in chips) 
Seat 5: Ship4545 ($30.37 in chips) 
Seat 6: steelNike ($9.50 in chips) 
AlexEliseev7: posts small blind $0.50
B1GBankroll: posts big blind $1
*** HOLE CARDS ***
blistein: folds 
nickreason17: raises $1.25 to $2.25
Ship4545: calls $2.25
steelNike: folds 
AlexEliseev7: folds 
B1GBankroll: folds 
*** FLOP *** [8c 5d Jh]
nickreason17: bets $2.85
Ship4545: calls $2.85
*** TURN *** [8c 5d Jh] [6d]
nickreason17: bets $8
Ship4545: calls $8
*** RIVER *** [8c 5d Jh 6d] [Tc]
nickreason17: checks 
Ship4545: bets $17.27 and is all-in
nickreason17: calls $17.27
*** SHOW DOWN ***
Ship4545: shows [8d Qd] (a pair of Eights)
nickreason17: shows [Ad As] (a pair of Aces)
nickreason17 collected $59.74 from pot
*** SUMMARY ***
Total pot $62.24 | Rake $2.50 
Board [8c 5d Jh 6d Tc]
Seat 1: AlexEliseev7 (small blind) folded before Flop
Seat 2: B1GBankroll (big blind) folded before Flop
Seat 3: blistein folded before Flop (didn't bet)
Seat 4: nickreason17 showed [Ad As] and won ($59.74) with a pair of Aces
Seat 5: Ship4545 showed [8d Qd] and lost with a pair of Eights
Seat 6: steelNike (button) folded before Flop (didn't bet)



PokerStars Hand #254481279765:  Hold'em No Limit ($0.50/$1.00 USD) - 2025/01/21 8:25:55 WET [2025/01/21 3:25:55 ET]
Table 'Eleonora III' 6-max Seat #1 is the button
Seat 5: Ship4545 ($0 in chips) is sitting out
Seat 1: AlexEliseev7 ($100 in chips) 
Seat 2: B1GBankroll ($100 in chips) 
Seat 3: blistein ($100 in chips) 
Seat 4: nickreason17 ($141.07 in chips) 
Seat 6: steelNike ($9.50 in chips) 
B1GBankroll: posts small blind $0.50
blistein: posts big blind $1
*** HOLE CARDS ***
nickreason17: folds 
Ship4545 leaves the table
steelNike: folds 
AlexEliseev7: folds 
B1GBankroll: folds 
Uncalled bet ($0.50) returned to blistein
blistein collected $1 from pot
blistein: doesn't show hand 
*** SUMMARY ***
Total pot $1 | Rake $0 
Seat 5: Ship4545
Seat 1: AlexEliseev7 (button) folded before Flop (didn't bet)
Seat 2: B1GBankroll (small blind) folded before Flop
Seat 3: blistein (big blind) collected ($1)
Seat 4: nickreason17 folded before Flop (didn't bet)
Seat 6: steelNike folded before Flop (didn't bet)



PokerStars Hand #254481281064:  Hold'em No Limit ($0.50/$1.00 USD) - 2025/01/21 8:26:12 WET [2025/01/21 3:26:12 ET]
Table 'Eleonora III' 6-max Seat #2 is the button
Seat 4: nickreason17 ($141.07 in chips) is sitting out
Seat 1: AlexEliseev7 ($100 in chips) 
Seat 2: B1GBankroll ($100 in chips) 
Seat 3: blistein ($100.50 in chips) 
Seat 6: steelNike ($9.50 in chips) 
blistein: posts small blind $0.50
nickreason17: is sitting out 
steelNike: posts big blind $1
*** HOLE CARDS ***
AlexEliseev7: folds 
nickreason17 leaves the table
AlexEliseev7 leaves the table
B1GBankroll: raises $1.50 to $2.50
blistein: folds 
steelNike: folds 
Uncalled bet ($1.50) returned to B1GBankroll
B1GBankroll collected $2.50 from pot
B1GBankroll: doesn't show hand 
*** SUMMARY ***
Total pot $2.50 | Rake $0 
Seat 4: nickreason17
Seat 1: AlexEliseev7 folded before Flop (didn't bet)
Seat 2: B1GBankroll (button) collected ($2.50)
Seat 3: blistein (small blind) folded before Flop
Seat 6: steelNike (big blind) folded before Flop



