PokerStars Hand #254487469003:  Hold'em No Limit ($0.50/$1.00 USD) - 2025/01/21 18:49:53 WET [2025/01/21 13:49:53 ET]
Table 'Summa IV' 6-max Seat #4 is the button
Seat 6: CichiChanMarian ($106 in chips) is sitting out
Seat 1: joaquin612 ($103.28 in chips) 
Seat 2: Supermegopro ($100 in chips) 
Seat 3: z00mba ($100 in chips) 
Seat 4: I TAKE IT 85 ($133.94 in chips) 
Seat 5: filzarmy ($96.38 in chips) 
filzarmy: posts small blind $0.50
CichiChanMarian: is sitting out 
joaquin612: posts big blind $1
*** HOLE CARDS ***
Supermegopro: raises $1.50 to $2.50
CichiChanMarian leaves the table
BoyLoc0 joins the table at seat #6 
z00mba: folds 
I TAKE IT 85: folds 
filzarmy: calls $2
joaquin612: folds 
*** FLOP *** [Ah 9h Kd]
filzarmy: checks 
Supermegopro: checks 
*** TURN *** [Ah 9h Kd] [5h]
filzarmy: bets $2.85
Supermegopro: calls $2.85
*** RIVER *** [Ah 9h Kd 5h] [6h]
filzarmy: checks 
Supermegopro: bets $2.78
filzarmy: calls $2.78
*** SHOW DOWN ***
Supermegopro: shows [8h 8d] (a flush, Ace high)
filzarmy: shows [9c As] (two pair, Aces and Nines)
Supermegopro collected $16.40 from pot
*** SUMMARY ***
Total pot $17.26 | Rake $0.86 
Board [Ah 9h Kd 5h 6h]
Seat 6: CichiChanMarian
Seat 1: joaquin612 (big blind) folded before Flop
Seat 2: Supermegopro showed [8h 8d] and won ($16.40) with a flush, Ace high
Seat 3: z00mba folded before Flop (didn't bet)
Seat 4: I TAKE IT 85 (button) folded before Flop (didn't bet)
Seat 5: filzarmy (small blind) showed [9c As] and lost with two pair, Aces and Nines



PokerStars Hand #254487481726:  Hold'em No Limit ($0.50/$1.00 USD) - 2025/01/21 18:50:37 WET [2025/01/21 13:50:37 ET]
Table 'Summa IV' 6-max Seat #5 is the button
Seat 2: Supermegopro ($108.27 in chips) is sitting out
Seat 6: BoyLoc0 ($100 in chips) is sitting out
Seat 1: joaquin612 ($102.28 in chips) 
Seat 3: z00mba ($100 in chips) 
Seat 4: I TAKE IT 85 ($133.94 in chips) 
Seat 5: filzarmy ($88.25 in chips) 
joaquin612: posts small blind $0.50
Supermegopro: is sitting out 
z00mba: posts big blind $1
*** HOLE CARDS ***
I TAKE IT 85: folds 
Supermegopro leaves the table
filzarmy: folds 
joaquin612: folds 
Uncalled bet ($0.50) returned to z00mba
z00mba collected $1 from pot
z00mba: doesn't show hand 
*** SUMMARY ***
Total pot $1 | Rake $0 
Seat 2: Supermegopro
Seat 6: BoyLoc0
Seat 1: joaquin612 (small blind) folded before Flop
Seat 3: z00mba (big blind) collected ($1)
Seat 4: I TAKE IT 85 folded before Flop (didn't bet)
Seat 5: filzarmy (button) folded before Flop (didn't bet)



PokerStars Hand #254487484778:  Hold'em No Limit ($0.50/$1.00 USD) - 2025/01/21 18:50:47 WET [2025/01/21 13:50:47 ET]
Table 'Summa IV' 6-max Seat #1 is the button
Seat 6: BoyLoc0 ($100 in chips) is sitting out
Seat 1: joaquin612 ($101.78 in chips) 
Seat 3: z00mba ($100.50 in chips) 
Seat 4: I TAKE IT 85 ($133.94 in chips) 
Seat 5: filzarmy ($88.25 in chips) 
z00mba: posts small blind $0.50
I TAKE IT 85: posts big blind $1
BoyLoc0: sits out 
*** HOLE CARDS ***
filzarmy: folds 
joaquin612: folds 
z00mba: raises $2 to $3
Lucastitos joins the table at seat #2 
I TAKE IT 85: folds 
Uncalled bet ($2) returned to z00mba
z00mba collected $2 from pot
z00mba: doesn't show hand 
*** SUMMARY ***
Total pot $2 | Rake $0 
Seat 6: BoyLoc0
Seat 1: joaquin612 (button) folded before Flop (didn't bet)
Seat 3: z00mba (small blind) collected ($2)
Seat 4: I TAKE IT 85 (big blind) folded before Flop
Seat 5: filzarmy folded before Flop (didn't bet)



PokerStars Hand #254487489772:  Hold'em No Limit ($0.50/$1.00 USD) - 2025/01/21 18:51:05 WET [2025/01/21 13:51:05 ET]
Table 'Summa IV' 6-max Seat #3 is the button
Seat 2: Lucastitos ($100 in chips) is sitting out
Seat 6: BoyLoc0 ($100 in chips) is sitting out
Seat 1: joaquin612 ($101.78 in chips) 
Seat 3: z00mba ($101.50 in chips) 
Seat 4: I TAKE IT 85 ($132.94 in chips) 
Seat 5: filzarmy ($88.25 in chips) 
I TAKE IT 85: posts small blind $0.50
filzarmy: posts big blind $1
BoyLoc0: sits out 
Lucastitos: sits out 
*** HOLE CARDS ***
joaquin612: folds 
z00mba: folds 
I TAKE IT 85: raises $2 to $3
filzarmy: folds 
Uncalled bet ($2) returned to I TAKE IT 85
I TAKE IT 85 collected $2 from pot
I TAKE IT 85: doesn't show hand 
*** SUMMARY ***
Total pot $2 | Rake $0 
Seat 2: Lucastitos
Seat 6: BoyLoc0
Seat 1: joaquin612 folded before Flop (didn't bet)
Seat 3: z00mba (button) folded before Flop (didn't bet)
Seat 4: I TAKE IT 85 (small blind) collected ($2)
Seat 5: filzarmy (big blind) folded before Flop



PokerStars Hand #254487493754:  Hold'em No Limit ($0.50/$1.00 USD) - 2025/01/21 18:51:18 WET [2025/01/21 13:51:18 ET]
Table 'Summa IV' 6-max Seat #4 is the button
Seat 2: Lucastitos ($100 in chips) is sitting out
Seat 1: joaquin612 ($101.78 in chips) 
Seat 3: z00mba ($101.50 in chips) 
Seat 4: I TAKE IT 85 ($133.94 in chips) 
Seat 5: filzarmy ($87.25 in chips) 
Seat 6: BoyLoc0 ($100 in chips) 
filzarmy: posts small blind $0.50
BoyLoc0: posts big blind $1
Lucastitos: sits out 
*** HOLE CARDS ***
joaquin612: folds 
z00mba: folds 
I TAKE IT 85: raises $1.05 to $2.05
filzarmy: calls $1.55
BoyLoc0: raises $9.95 to $12
I TAKE IT 85: folds 
filzarmy: calls $9.95
*** FLOP *** [7s 3s As]
filzarmy: checks 
BoyLoc0: checks 
*** TURN *** [7s 3s As] [7d]
filzarmy: bets $12.38
BoyLoc0: calls $12.38
*** RIVER *** [7s 3s As 7d] [3h]
filzarmy: bets $24.16
BoyLoc0: calls $24.16
*** SHOW DOWN ***
filzarmy: shows [Qc 8c] (two pair, Sevens and Threes)
BoyLoc0: shows [Kd Ad] (two pair, Aces and Sevens)
BoyLoc0 collected $96.63 from pot
*** SUMMARY ***
Total pot $99.13 | Rake $2.50 
Board [7s 3s As 7d 3h]
Seat 2: Lucastitos
Seat 1: joaquin612 folded before Flop (didn't bet)
Seat 3: z00mba folded before Flop (didn't bet)
Seat 4: I TAKE IT 85 (button) folded before Flop
Seat 5: filzarmy (small blind) showed [Qc 8c] and lost with two pair, Sevens and Threes
Seat 6: BoyLoc0 (big blind) showed [Kd Ad] and won ($96.63) with two pair, Aces and Sevens



PokerStars Hand #254487506253:  Hold'em No Limit ($0.50/$1.00 USD) - 2025/01/21 18:52:01 WET [2025/01/21 13:52:01 ET]
Table 'Summa IV' 6-max Seat #5 is the button
Seat 2: Lucastitos ($100 in chips) is sitting out
Seat 1: joaquin612 ($101.78 in chips) 
Seat 3: z00mba ($101.50 in chips) 
Seat 4: I TAKE IT 85 ($131.89 in chips) 
Seat 5: filzarmy ($38.71 in chips) 
Seat 6: BoyLoc0 ($148.09 in chips) 
BoyLoc0: posts small blind $0.50
joaquin612: posts big blind $1
Lucastitos: sits out 
*** HOLE CARDS ***
z00mba: folds 
I TAKE IT 85: folds 
filzarmy: raises $1 to $2
BoyLoc0: raises $8 to $10
joaquin612: folds 
filzarmy: raises $28.71 to $38.71 and is all-in
BoyLoc0: calls $28.71
*** FLOP *** [9h Js 3s]
*** TURN *** [9h Js 3s] [7s]
*** RIVER *** [9h Js 3s 7s] [5d]
*** SHOW DOWN ***
BoyLoc0: shows [Kh Kd] (a pair of Kings)
filzarmy: shows [Ah 2d] (high card Ace)
BoyLoc0 collected $75.92 from pot
*** SUMMARY ***
Total pot $78.42 | Rake $2.50 
Board [9h Js 3s 7s 5d]
Seat 2: Lucastitos
Seat 1: joaquin612 (big blind) folded before Flop
Seat 3: z00mba folded before Flop (didn't bet)
Seat 4: I TAKE IT 85 folded before Flop (didn't bet)
Seat 5: filzarmy (button) showed [Ah 2d] and lost with high card Ace
Seat 6: BoyLoc0 (small blind) showed [Kh Kd] and won ($75.92) with a pair of Kings



PokerStars Hand #254487514417:  Hold'em No Limit ($0.50/$1.00 USD) - 2025/01/21 18:52:29 WET [2025/01/21 13:52:29 ET]
Table 'Summa IV' 6-max Seat #6 is the button
Seat 1: joaquin612 ($100.78 in chips) 
Seat 2: Lucastitos ($100 in chips) 
Seat 3: z00mba ($101.50 in chips) 
Seat 4: I TAKE IT 85 ($131.89 in chips) 
Seat 6: BoyLoc0 ($185.30 in chips) 
joaquin612: posts small blind $0.50
Lucastitos: posts big blind $1
*** HOLE CARDS ***
z00mba: raises $1.50 to $2.50
I TAKE IT 85: folds 
GuigaMan joins the table at seat #5 
BoyLoc0: raises $5 to $7.50
joaquin612: folds 
Lucastitos: folds 
z00mba: raises $13.50 to $21
BoyLoc0: raises $164.30 to $185.30 and is all-in
z00mba: folds 
Uncalled bet ($164.30) returned to BoyLoc0
BoyLoc0 collected $43.50 from pot
BoyLoc0: doesn't show hand 
*** SUMMARY ***
Total pot $43.50 | Rake $0 
Seat 1: joaquin612 (small blind) folded before Flop
Seat 2: Lucastitos (big blind) folded before Flop
Seat 3: z00mba folded before Flop
Seat 4: I TAKE IT 85 folded before Flop (didn't bet)
Seat 6: BoyLoc0 (button) collected ($43.50)



PokerStars Hand #254487526118:  Hold'em No Limit ($0.50/$1.00 USD) - 2025/01/21 18:53:09 WET [2025/01/21 13:53:09 ET]
Table 'Summa IV' 6-max Seat #1 is the button
Seat 3: z00mba ($100 in chips) is sitting out
Seat 4: I TAKE IT 85 ($131.89 in chips) is sitting out
Seat 1: joaquin612 ($100.28 in chips) 
Seat 2: Lucastitos ($100 in chips) 
Seat 5: GuigaMan ($100 in chips) 
Seat 6: BoyLoc0 ($207.80 in chips) 
Lucastitos: posts small blind $0.50
z00mba: is sitting out 
I TAKE IT 85: is sitting out 
GuigaMan: posts big blind $1
*** HOLE CARDS ***
z00mba leaves the table
I TAKE IT 85 leaves the table
BoyLoc0: folds 
joaquin612: folds 
Lucastitos: folds 
Uncalled bet ($0.50) returned to GuigaMan
GuigaMan collected $1 from pot
*** SUMMARY ***
Total pot $1 | Rake $0 
Seat 3: z00mba
Seat 4: I TAKE IT 85
Seat 1: joaquin612 (button) folded before Flop (didn't bet)
Seat 2: Lucastitos (small blind) folded before Flop
Seat 5: GuigaMan (big blind) collected ($1)
Seat 6: BoyLoc0 folded before Flop (didn't bet)



