PokerStars Hand #254480273273:  Hold'em No Limit ($0.50/$1.00 USD) - 2025/01/21 4:34:35 WET [2025/01/20 23:34:35 ET]
Table 'Juliet IV' 6-max Seat #4 is the button
Seat 1: ImaPeppaPig ($135.93 in chips) 
Seat 2: Melenya ($133.58 in chips) 
Seat 3: BoyLoc0 ($183.92 in chips) 
Seat 4: Manifestorr ($110.28 in chips) 
Seat 5: BumHuntKing ($100 in chips) 
Seat 6: J2DaMac ($75.60 in chips) 
BumHuntKing: posts small blind $0.50
J2DaMac: posts big blind $1
*** HOLE CARDS ***
ImaPeppaPig: raises $1.50 to $2.50
Melenya: folds 
BoyLoc0: folds 
Manifestorr: folds 
BumHuntKing: folds 
J2DaMac: calls $1.50
*** FLOP *** [8c Ac 4h]
J2DaMac: checks 
ImaPeppaPig: bets $2.71
J2DaMac: folds 
Uncalled bet ($2.71) returned to ImaPeppaPig
ImaPeppaPig collected $5.22 from pot
ImaPeppaPig: doesn't show hand 
*** SUMMARY ***
Total pot $5.50 | Rake $0.28 
Board [8c Ac 4h]
Seat 1: ImaPeppaPig collected ($5.22)
Seat 2: Melenya folded before Flop (didn't bet)
Seat 3: BoyLoc0 folded before Flop (didn't bet)
Seat 4: Manifestorr (button) folded before Flop (didn't bet)
Seat 5: BumHuntKing (small blind) folded before Flop
Seat 6: J2DaMac (big blind) folded on the Flop



PokerStars Hand #254480276857:  Hold'em No Limit ($0.50/$1.00 USD) - 2025/01/21 4:35:12 WET [2025/01/20 23:35:12 ET]
Table 'Juliet IV' 6-max Seat #5 is the button
Seat 1: ImaPeppaPig ($138.65 in chips) 
Seat 2: Melenya ($133.58 in chips) 
Seat 3: BoyLoc0 ($183.92 in chips) 
Seat 4: Manifestorr ($110.28 in chips) 
Seat 5: BumHuntKing ($100 in chips) 
Seat 6: J2DaMac ($73.10 in chips) 
J2DaMac: posts small blind $0.50
ImaPeppaPig: posts big blind $1
*** HOLE CARDS ***
Melenya: folds 
BoyLoc0: folds 
Manifestorr: raises $1.20 to $2.20
BumHuntKing: calls $2.20
J2DaMac: raises $7.80 to $10
ImaPeppaPig: folds 
Manifestorr: calls $7.80
BumHuntKing: calls $7.80
*** FLOP *** [Th Ac 4d]
J2DaMac: checks 
Manifestorr: checks 
BumHuntKing: checks 
*** TURN *** [Th Ac 4d] [8d]
J2DaMac: bets $14.73
Manifestorr: folds 
BumHuntKing: calls $14.73
*** RIVER *** [Th Ac 4d 8d] [2s]
J2DaMac: bets $48.37 and is all-in
BumHuntKing: calls $48.37
*** SHOW DOWN ***
J2DaMac: shows [Ts Td] (three of a kind, Tens)
BumHuntKing: shows [Jd As] (a pair of Aces)
J2DaMac collected $154.70 from pot
*** SUMMARY ***
Total pot $157.20 | Rake $2.50 
Board [Th Ac 4d 8d 2s]
Seat 1: ImaPeppaPig (big blind) folded before Flop
Seat 2: Melenya folded before Flop (didn't bet)
Seat 3: BoyLoc0 folded before Flop (didn't bet)
Seat 4: Manifestorr folded on the Turn
Seat 5: BumHuntKing (button) showed [Jd As] and lost with a pair of Aces
Seat 6: J2DaMac (small blind) showed [Ts Td] and won ($154.70) with three of a kind, Tens



PokerStars Hand #254480282291:  Hold'em No Limit ($0.50/$1.00 USD) - 2025/01/21 4:36:10 WET [2025/01/20 23:36:10 ET]
Table 'Juliet IV' 6-max Seat #6 is the button
Seat 1: ImaPeppaPig ($137.65 in chips) 
Seat 2: Melenya ($133.58 in chips) 
Seat 3: BoyLoc0 ($183.92 in chips) 
Seat 4: Manifestorr ($100.28 in chips) 
Seat 5: BumHuntKing ($100 in chips) 
Seat 6: J2DaMac ($154.70 in chips) 
ImaPeppaPig: posts small blind $0.50
Melenya: posts big blind $1
*** HOLE CARDS ***
BoyLoc0: folds 
Manifestorr: folds 
BumHuntKing: folds 
J2DaMac: folds 
ImaPeppaPig: folds 
Uncalled bet ($0.50) returned to Melenya
Melenya collected $1 from pot
Melenya: doesn't show hand 
*** SUMMARY ***
Total pot $1 | Rake $0 
Seat 1: ImaPeppaPig (small blind) folded before Flop
Seat 2: Melenya (big blind) collected ($1)
Seat 3: BoyLoc0 folded before Flop (didn't bet)
Seat 4: Manifestorr folded before Flop (didn't bet)
Seat 5: BumHuntKing folded before Flop (didn't bet)
Seat 6: J2DaMac (button) folded before Flop (didn't bet)



PokerStars Hand #254480284730:  Hold'em No Limit ($0.50/$1.00 USD) - 2025/01/21 4:36:36 WET [2025/01/20 23:36:36 ET]
Table 'Juliet IV' 6-max Seat #1 is the button
Seat 1: ImaPeppaPig ($137.15 in chips) 
Seat 2: Melenya ($134.08 in chips) 
Seat 3: BoyLoc0 ($183.92 in chips) 
Seat 4: Manifestorr ($100.28 in chips) 
Seat 5: BumHuntKing ($100 in chips) 
Seat 6: J2DaMac ($154.70 in chips) 
Melenya: posts small blind $0.50
BoyLoc0: posts big blind $1
*** HOLE CARDS ***
Manifestorr: folds 
BumHuntKing: folds 
J2DaMac: folds 
ImaPeppaPig: raises $1.50 to $2.50
Melenya: folds 
BoyLoc0: calls $1.50
*** FLOP *** [Jh 3d 7d]
BoyLoc0: checks 
ImaPeppaPig: bets $2.71
BoyLoc0: folds 
Uncalled bet ($2.71) returned to ImaPeppaPig
ImaPeppaPig collected $5.22 from pot
ImaPeppaPig: doesn't show hand 
*** SUMMARY ***
Total pot $5.50 | Rake $0.28 
Board [Jh 3d 7d]
Seat 1: ImaPeppaPig (button) collected ($5.22)
Seat 2: Melenya (small blind) folded before Flop
Seat 3: BoyLoc0 (big blind) folded on the Flop
Seat 4: Manifestorr folded before Flop (didn't bet)
Seat 5: BumHuntKing folded before Flop (didn't bet)
Seat 6: J2DaMac folded before Flop (didn't bet)



PokerStars Hand #254480287362:  Hold'em No Limit ($0.50/$1.00 USD) - 2025/01/21 4:37:04 WET [2025/01/20 23:37:04 ET]
Table 'Juliet IV' 6-max Seat #2 is the button
Seat 1: ImaPeppaPig ($139.87 in chips) 
Seat 2: Melenya ($133.58 in chips) 
Seat 3: BoyLoc0 ($181.42 in chips) 
Seat 4: Manifestorr ($100.28 in chips) 
Seat 5: BumHuntKing ($100 in chips) 
Seat 6: J2DaMac ($154.70 in chips) 
BoyLoc0: posts small blind $0.50
Manifestorr: posts big blind $1
*** HOLE CARDS ***
BumHuntKing: folds 
J2DaMac: folds 
ImaPeppaPig: folds 
Melenya: raises $1.50 to $2.50
BoyLoc0: folds 
Manifestorr: folds 
Uncalled bet ($1.50) returned to Melenya
Melenya collected $2.50 from pot
Melenya: doesn't show hand 
*** SUMMARY ***
Total pot $2.50 | Rake $0 
Seat 1: ImaPeppaPig folded before Flop (didn't bet)
Seat 2: Melenya (button) collected ($2.50)
Seat 3: BoyLoc0 (small blind) folded before Flop
Seat 4: Manifestorr (big blind) folded before Flop
Seat 5: BumHuntKing folded before Flop (didn't bet)
Seat 6: J2DaMac folded before Flop (didn't bet)



PokerStars Hand #254480289761:  Hold'em No Limit ($0.50/$1.00 USD) - 2025/01/21 4:37:29 WET [2025/01/20 23:37:29 ET]
Table 'Juliet IV' 6-max Seat #3 is the button
Seat 1: ImaPeppaPig ($139.87 in chips) 
Seat 2: Melenya ($135.08 in chips) 
Seat 3: BoyLoc0 ($180.92 in chips) 
Seat 4: Manifestorr ($100 in chips) 
Seat 5: BumHuntKing ($100 in chips) 
Seat 6: J2DaMac ($154.70 in chips) 
Manifestorr: posts small blind $0.50
BumHuntKing: posts big blind $1
*** HOLE CARDS ***
J2DaMac: raises $1 to $2
ImaPeppaPig: folds 
Melenya: folds 
BoyLoc0: folds 
Manifestorr: folds 
BumHuntKing: folds 
Uncalled bet ($1) returned to J2DaMac
J2DaMac collected $2.50 from pot
*** SUMMARY ***
Total pot $2.50 | Rake $0 
Seat 1: ImaPeppaPig folded before Flop (didn't bet)
Seat 2: Melenya folded before Flop (didn't bet)
Seat 3: BoyLoc0 (button) folded before Flop (didn't bet)
Seat 4: Manifestorr (small blind) folded before Flop
Seat 5: BumHuntKing (big blind) folded before Flop
Seat 6: J2DaMac collected ($2.50)



PokerStars Hand #254480291752:  Hold'em No Limit ($0.50/$1.00 USD) - 2025/01/21 4:37:51 WET [2025/01/20 23:37:51 ET]
Table 'Juliet IV' 6-max Seat #4 is the button
Seat 1: ImaPeppaPig ($139.87 in chips) 
Seat 2: Melenya ($135.08 in chips) 
Seat 3: BoyLoc0 ($180.92 in chips) 
Seat 4: Manifestorr ($100 in chips) 
Seat 5: BumHuntKing ($100 in chips) 
Seat 6: J2DaMac ($156.20 in chips) 
BumHuntKing: posts small blind $0.50
J2DaMac: posts big blind $1
*** HOLE CARDS ***
ImaPeppaPig: folds 
Melenya: folds 
BoyLoc0: folds 
Manifestorr: raises $1.20 to $2.20
BumHuntKing: raises $8.80 to $11
J2DaMac: folds 
Manifestorr: folds 
Uncalled bet ($8.80) returned to BumHuntKing
BumHuntKing collected $5.40 from pot
BumHuntKing: doesn't show hand 
*** SUMMARY ***
Total pot $5.40 | Rake $0 
Seat 1: ImaPeppaPig folded before Flop (didn't bet)
Seat 2: Melenya folded before Flop (didn't bet)
Seat 3: BoyLoc0 folded before Flop (didn't bet)
Seat 4: Manifestorr (button) folded before Flop
Seat 5: BumHuntKing (small blind) collected ($5.40)
Seat 6: J2DaMac (big blind) folded before Flop



PokerStars Hand #254480293093:  Hold'em No Limit ($0.50/$1.00 USD) - 2025/01/21 4:38:05 WET [2025/01/20 23:38:05 ET]
Table 'Juliet IV' 6-max Seat #5 is the button
Seat 1: ImaPeppaPig ($139.87 in chips) 
Seat 2: Melenya ($135.08 in chips) 
Seat 3: BoyLoc0 ($180.92 in chips) 
Seat 4: Manifestorr ($100 in chips) 
Seat 5: BumHuntKing ($103.20 in chips) 
Seat 6: J2DaMac ($155.20 in chips) 
J2DaMac: posts small blind $0.50
ImaPeppaPig: posts big blind $1
*** HOLE CARDS ***
Melenya: folds 
BoyLoc0: folds 
Manifestorr: raises $1.20 to $2.20
BumHuntKing: folds 
J2DaMac: folds 
ImaPeppaPig: calls $1.20
*** FLOP *** [7c Ah 7h]
ImaPeppaPig: checks 
Manifestorr: checks 
*** TURN *** [7c Ah 7h] [Ac]
ImaPeppaPig: checks 
Manifestorr: checks 
*** RIVER *** [7c Ah 7h Ac] [8d]
ImaPeppaPig: bets $3
Manifestorr: calls $3
*** SHOW DOWN ***
ImaPeppaPig: shows [As 5s] (a full house, Aces full of Sevens)
Manifestorr: mucks hand 
ImaPeppaPig collected $10.36 from pot
*** SUMMARY ***
Total pot $10.90 | Rake $0.54 
Board [7c Ah 7h Ac 8d]
Seat 1: ImaPeppaPig (big blind) showed [As 5s] and won ($10.36) with a full house, Aces full of Sevens
Seat 2: Melenya folded before Flop (didn't bet)
Seat 3: BoyLoc0 folded before Flop (didn't bet)
Seat 4: Manifestorr mucked
Seat 5: BumHuntKing (button) folded before Flop (didn't bet)
Seat 6: J2DaMac (small blind) folded before Flop



PokerStars Hand #254480296186:  Hold'em No Limit ($0.50/$1.00 USD) - 2025/01/21 4:38:38 WET [2025/01/20 23:38:38 ET]
Table 'Juliet IV' 6-max Seat #6 is the button
Seat 1: ImaPeppaPig ($145.03 in chips) 
Seat 2: Melenya ($135.08 in chips) 
Seat 3: BoyLoc0 ($180.92 in chips) 
Seat 4: Manifestorr ($100 in chips) 
Seat 5: BumHuntKing ($103.20 in chips) 
Seat 6: J2DaMac ($154.70 in chips) 
ImaPeppaPig: posts small blind $0.50
Melenya: posts big blind $1
*** HOLE CARDS ***
BoyLoc0: folds 
Manifestorr: raises $1.20 to $2.20
BumHuntKing: raises $4.30 to $6.50
J2DaMac: folds 
ImaPeppaPig: folds 
Melenya: folds 
Manifestorr: folds 
Uncalled bet ($4.30) returned to BumHuntKing
BumHuntKing collected $5.90 from pot
BumHuntKing: doesn't show hand 
*** SUMMARY ***
Total pot $5.90 | Rake $0 
Seat 1: ImaPeppaPig (small blind) folded before Flop
Seat 2: Melenya (big blind) folded before Flop
Seat 3: BoyLoc0 folded before Flop (didn't bet)
Seat 4: Manifestorr folded before Flop
Seat 5: BumHuntKing collected ($5.90)
Seat 6: J2DaMac (button) folded before Flop (didn't bet)



PokerStars Hand #254480298643:  Hold'em No Limit ($0.50/$1.00 USD) - 2025/01/21 4:39:05 WET [2025/01/20 23:39:05 ET]
Table 'Juliet IV' 6-max Seat #1 is the button
Seat 1: ImaPeppaPig ($144.53 in chips) 
Seat 2: Melenya ($134.08 in chips) 
Seat 3: BoyLoc0 ($180.92 in chips) 
Seat 4: Manifestorr ($100 in chips) 
Seat 5: BumHuntKing ($106.90 in chips) 
Seat 6: J2DaMac ($154.70 in chips) 
Melenya: posts small blind $0.50
BoyLoc0: posts big blind $1
*** HOLE CARDS ***
Manifestorr: folds 
BumHuntKing: raises $1.20 to $2.20
J2DaMac: folds 
ImaPeppaPig: raises $4.80 to $7
Melenya: folds 
BoyLoc0: folds 
BumHuntKing: calls $4.80
*** FLOP *** [9d Ah 5s]
BumHuntKing: checks 
ImaPeppaPig: bets $3.56
BumHuntKing: calls $3.56
*** TURN *** [9d Ah 5s] [Qc]
BumHuntKing: checks 
ImaPeppaPig: bets $11.17
BumHuntKing: raises $21.92 to $33.09
ImaPeppaPig: calls $21.92
*** RIVER *** [9d Ah 5s Qc] [5d]
BumHuntKing: bets $63.25 and is all-in
ImaPeppaPig: folds 
Uncalled bet ($63.25) returned to BumHuntKing
BumHuntKing collected $86.30 from pot
BumHuntKing: doesn't show hand 
*** SUMMARY ***
Total pot $88.80 | Rake $2.50 
Board [9d Ah 5s Qc 5d]
Seat 1: ImaPeppaPig (button) folded on the River
Seat 2: Melenya (small blind) folded before Flop
Seat 3: BoyLoc0 (big blind) folded before Flop
Seat 4: Manifestorr folded before Flop (didn't bet)
Seat 5: BumHuntKing collected ($86.30)
Seat 6: J2DaMac folded before Flop (didn't bet)



PokerStars Hand #254480307597:  Hold'em No Limit ($0.50/$1.00 USD) - 2025/01/21 4:40:42 WET [2025/01/20 23:40:42 ET]
Table 'Juliet IV' 6-max Seat #2 is the button
Seat 1: ImaPeppaPig ($100.88 in chips) 
Seat 2: Melenya ($133.58 in chips) 
Seat 3: BoyLoc0 ($179.92 in chips) 
Seat 4: Manifestorr ($100 in chips) 
Seat 5: BumHuntKing ($149.55 in chips) 
Seat 6: J2DaMac ($154.70 in chips) 
BoyLoc0: posts small blind $0.50
Manifestorr: posts big blind $1
*** HOLE CARDS ***
BumHuntKing: folds 
J2DaMac: calls $1
ImaPeppaPig: raises $4 to $5
Melenya: folds 
BoyLoc0: folds 
Manifestorr: folds 
J2DaMac: calls $4
*** FLOP *** [Kh 2h Qd]
J2DaMac: checks 
ImaPeppaPig: bets $3.39
J2DaMac: calls $3.39
*** TURN *** [Kh 2h Qd] [3d]
J2DaMac: checks 
ImaPeppaPig: checks 
*** RIVER *** [Kh 2h Qd 3d] [5h]
J2DaMac: checks 
ImaPeppaPig: bets $22.23
J2DaMac: folds 
Uncalled bet ($22.23) returned to ImaPeppaPig
ImaPeppaPig collected $17.37 from pot
ImaPeppaPig: doesn't show hand 
*** SUMMARY ***
Total pot $18.28 | Rake $0.91 
Board [Kh 2h Qd 3d 5h]
Seat 1: ImaPeppaPig collected ($17.37)
Seat 2: Melenya (button) folded before Flop (didn't bet)
Seat 3: BoyLoc0 (small blind) folded before Flop
Seat 4: Manifestorr (big blind) folded before Flop
Seat 5: BumHuntKing folded before Flop (didn't bet)
Seat 6: J2DaMac folded on the River



PokerStars Hand #254480311637:  Hold'em No Limit ($0.50/$1.00 USD) - 2025/01/21 4:41:26 WET [2025/01/20 23:41:26 ET]
Table 'Juliet IV' 6-max Seat #3 is the button
Seat 1: ImaPeppaPig ($109.86 in chips) 
Seat 2: Melenya ($133.58 in chips) 
Seat 3: BoyLoc0 ($179.42 in chips) 
Seat 4: Manifestorr ($100 in chips) 
Seat 5: BumHuntKing ($149.55 in chips) 
Seat 6: J2DaMac ($146.31 in chips) 
Manifestorr: posts small blind $0.50
BumHuntKing: posts big blind $1
*** HOLE CARDS ***
J2DaMac: calls $1
ImaPeppaPig: folds 
Melenya: folds 
BoyLoc0: folds 
Manifestorr: raises $4 to $5
BumHuntKing: calls $4
J2DaMac: calls $4
*** FLOP *** [5h 9c 8d]
Manifestorr: checks 
BumHuntKing: checks 
J2DaMac: checks 
*** TURN *** [5h 9c 8d] [Tc]
Manifestorr: bets $7.13
BumHuntKing: calls $7.13
J2DaMac: calls $7.13
*** RIVER *** [5h 9c 8d Tc] [9d]
Manifestorr: bets $11.41
BumHuntKing: folds 
J2DaMac: folds 
Uncalled bet ($11.41) returned to Manifestorr
Manifestorr collected $34.57 from pot
*** SUMMARY ***
Total pot $36.39 | Rake $1.82 
Board [5h 9c 8d Tc 9d]
Seat 1: ImaPeppaPig folded before Flop (didn't bet)
Seat 2: Melenya folded before Flop (didn't bet)
Seat 3: BoyLoc0 (button) folded before Flop (didn't bet)
Seat 4: Manifestorr (small blind) collected ($34.57)
Seat 5: BumHuntKing (big blind) folded on the River
Seat 6: J2DaMac folded on the River



PokerStars Hand #254480318216:  Hold'em No Limit ($0.50/$1.00 USD) - 2025/01/21 4:42:37 WET [2025/01/20 23:42:37 ET]
Table 'Juliet IV' 6-max Seat #4 is the button
Seat 1: ImaPeppaPig ($109.86 in chips) 
Seat 2: Melenya ($133.58 in chips) 
Seat 3: BoyLoc0 ($179.42 in chips) 
Seat 4: Manifestorr ($122.44 in chips) 
Seat 5: BumHuntKing ($137.42 in chips) 
Seat 6: J2DaMac ($134.18 in chips) 
BumHuntKing: posts small blind $0.50
J2DaMac: posts big blind $1
*** HOLE CARDS ***
ImaPeppaPig: raises $2 to $3
Melenya: folds 
BoyLoc0: folds 
Manifestorr: folds 
BumHuntKing: folds 
J2DaMac: folds 
Uncalled bet ($2) returned to ImaPeppaPig
ImaPeppaPig collected $2.50 from pot
ImaPeppaPig: doesn't show hand 
*** SUMMARY ***
Total pot $2.50 | Rake $0 
Seat 1: ImaPeppaPig collected ($2.50)
Seat 2: Melenya folded before Flop (didn't bet)
Seat 3: BoyLoc0 folded before Flop (didn't bet)
Seat 4: Manifestorr (button) folded before Flop (didn't bet)
Seat 5: BumHuntKing (small blind) folded before Flop
Seat 6: J2DaMac (big blind) folded before Flop



PokerStars Hand #254480319713:  Hold'em No Limit ($0.50/$1.00 USD) - 2025/01/21 4:42:53 WET [2025/01/20 23:42:53 ET]
Table 'Juliet IV' 6-max Seat #5 is the button
Seat 1: ImaPeppaPig ($111.36 in chips) 
Seat 2: Melenya ($133.58 in chips) 
Seat 3: BoyLoc0 ($179.42 in chips) 
Seat 4: Manifestorr ($122.44 in chips) 
Seat 5: BumHuntKing ($136.92 in chips) 
Seat 6: J2DaMac ($133.18 in chips) 
J2DaMac: posts small blind $0.50
ImaPeppaPig: posts big blind $1
*** HOLE CARDS ***
Melenya: folds 
BoyLoc0: folds 
Manifestorr: raises $1.20 to $2.20
BumHuntKing: calls $2.20
J2DaMac: folds 
ImaPeppaPig: folds 
*** FLOP *** [3s Th Kc]
Manifestorr: checks 
BumHuntKing: bets $1.85
Manifestorr: folds 
Uncalled bet ($1.85) returned to BumHuntKing
BumHuntKing collected $5.60 from pot
BumHuntKing: doesn't show hand 
*** SUMMARY ***
Total pot $5.90 | Rake $0.30 
Board [3s Th Kc]
Seat 1: ImaPeppaPig (big blind) folded before Flop
Seat 2: Melenya folded before Flop (didn't bet)
Seat 3: BoyLoc0 folded before Flop (didn't bet)
Seat 4: Manifestorr folded on the Flop
Seat 5: BumHuntKing (button) collected ($5.60)
Seat 6: J2DaMac (small blind) folded before Flop



PokerStars Hand #254480322401:  Hold'em No Limit ($0.50/$1.00 USD) - 2025/01/21 4:43:22 WET [2025/01/20 23:43:22 ET]
Table 'Juliet IV' 6-max Seat #6 is the button
Seat 1: ImaPeppaPig ($110.36 in chips) 
Seat 2: Melenya ($133.58 in chips) 
Seat 3: BoyLoc0 ($179.42 in chips) 
Seat 4: Manifestorr ($120.24 in chips) 
Seat 5: BumHuntKing ($140.32 in chips) 
Seat 6: J2DaMac ($132.68 in chips) 
ImaPeppaPig: posts small blind $0.50
Melenya: posts big blind $1
*** HOLE CARDS ***
BoyLoc0: raises $1.50 to $2.50
Manifestorr: folds 
BumHuntKing: folds 
J2DaMac: folds 
ImaPeppaPig: folds 
Melenya: folds 
Uncalled bet ($1.50) returned to BoyLoc0
BoyLoc0 collected $2.50 from pot
BoyLoc0: doesn't show hand 
*** SUMMARY ***
Total pot $2.50 | Rake $0 
Seat 1: ImaPeppaPig (small blind) folded before Flop
Seat 2: Melenya (big blind) folded before Flop
Seat 3: BoyLoc0 collected ($2.50)
Seat 4: Manifestorr folded before Flop (didn't bet)
Seat 5: BumHuntKing folded before Flop (didn't bet)
Seat 6: J2DaMac (button) folded before Flop (didn't bet)



PokerStars Hand #254480324535:  Hold'em No Limit ($0.50/$1.00 USD) - 2025/01/21 4:43:45 WET [2025/01/20 23:43:45 ET]
Table 'Juliet IV' 6-max Seat #1 is the button
Seat 1: ImaPeppaPig ($109.86 in chips) 
Seat 2: Melenya ($132.58 in chips) 
Seat 3: BoyLoc0 ($180.92 in chips) 
Seat 4: Manifestorr ($120.24 in chips) 
Seat 5: BumHuntKing ($140.32 in chips) 
Seat 6: J2DaMac ($132.68 in chips) 
Melenya: posts small blind $0.50
BoyLoc0: posts big blind $1
*** HOLE CARDS ***
Manifestorr: folds 
BumHuntKing: folds 
J2DaMac: folds 
ImaPeppaPig: folds 
Melenya: folds 
Uncalled bet ($0.50) returned to BoyLoc0
BoyLoc0 collected $1 from pot
BoyLoc0: doesn't show hand 
*** SUMMARY ***
Total pot $1 | Rake $0 
Seat 1: ImaPeppaPig (button) folded before Flop (didn't bet)
Seat 2: Melenya (small blind) folded before Flop
Seat 3: BoyLoc0 (big blind) collected ($1)
Seat 4: Manifestorr folded before Flop (didn't bet)
Seat 5: BumHuntKing folded before Flop (didn't bet)
Seat 6: J2DaMac folded before Flop (didn't bet)



PokerStars Hand #254480325832:  Hold'em No Limit ($0.50/$1.00 USD) - 2025/01/21 4:44:00 WET [2025/01/20 23:44:00 ET]
Table 'Juliet IV' 6-max Seat #2 is the button
Seat 1: ImaPeppaPig ($109.86 in chips) 
Seat 2: Melenya ($132.08 in chips) 
Seat 3: BoyLoc0 ($181.42 in chips) 
Seat 4: Manifestorr ($120.24 in chips) 
Seat 5: BumHuntKing ($140.32 in chips) 
Seat 6: J2DaMac ($132.68 in chips) 
BoyLoc0: posts small blind $0.50
Manifestorr: posts big blind $1
*** HOLE CARDS ***
BumHuntKing: raises $1.20 to $2.20
J2DaMac: calls $2.20
ImaPeppaPig: raises $8.80 to $11
Melenya: folds 
BoyLoc0: folds 
Manifestorr: folds 
BumHuntKing: folds 
J2DaMac: folds 
Uncalled bet ($8.80) returned to ImaPeppaPig
ImaPeppaPig collected $8.10 from pot
ImaPeppaPig: doesn't show hand 
*** SUMMARY ***
Total pot $8.10 | Rake $0 
Seat 1: ImaPeppaPig collected ($8.10)
Seat 2: Melenya (button) folded before Flop (didn't bet)
Seat 3: BoyLoc0 (small blind) folded before Flop
Seat 4: Manifestorr (big blind) folded before Flop
Seat 5: BumHuntKing folded before Flop
Seat 6: J2DaMac folded before Flop



PokerStars Hand #254480328484:  Hold'em No Limit ($0.50/$1.00 USD) - 2025/01/21 4:44:29 WET [2025/01/20 23:44:29 ET]
Table 'Juliet IV' 6-max Seat #3 is the button
Seat 1: ImaPeppaPig ($115.76 in chips) 
Seat 2: Melenya ($132.08 in chips) 
Seat 3: BoyLoc0 ($180.92 in chips) 
Seat 4: Manifestorr ($119.24 in chips) 
Seat 5: BumHuntKing ($138.12 in chips) 
Seat 6: J2DaMac ($130.48 in chips) 
Manifestorr: posts small blind $0.50
BumHuntKing: posts big blind $1
*** HOLE CARDS ***
J2DaMac: folds 
ImaPeppaPig: folds 
Melenya: folds 
BoyLoc0: folds 
Manifestorr: raises $2 to $3
BumHuntKing: raises $6 to $9
Manifestorr: folds 
Uncalled bet ($6) returned to BumHuntKing
BumHuntKing collected $6 from pot
BumHuntKing: doesn't show hand 
*** SUMMARY ***
Total pot $6 | Rake $0 
Seat 1: ImaPeppaPig folded before Flop (didn't bet)
Seat 2: Melenya folded before Flop (didn't bet)
Seat 3: BoyLoc0 (button) folded before Flop (didn't bet)
Seat 4: Manifestorr (small blind) folded before Flop
Seat 5: BumHuntKing (big blind) collected ($6)
Seat 6: J2DaMac folded before Flop (didn't bet)



PokerStars Hand #254480331396:  Hold'em No Limit ($0.50/$1.00 USD) - 2025/01/21 4:45:00 WET [2025/01/20 23:45:00 ET]
Table 'Juliet IV' 6-max Seat #4 is the button
Seat 1: ImaPeppaPig ($115.76 in chips) 
Seat 2: Melenya ($132.08 in chips) 
Seat 3: BoyLoc0 ($180.92 in chips) 
Seat 4: Manifestorr ($116.24 in chips) 
Seat 5: BumHuntKing ($141.12 in chips) 
Seat 6: J2DaMac ($130.48 in chips) 
BumHuntKing: posts small blind $0.50
J2DaMac: posts big blind $1
*** HOLE CARDS ***
ImaPeppaPig: folds 
Melenya: folds 
BoyLoc0: folds 
Manifestorr: raises $1.20 to $2.20
BumHuntKing: folds 
J2DaMac: folds 
Uncalled bet ($1.20) returned to Manifestorr
Manifestorr collected $2.50 from pot
*** SUMMARY ***
Total pot $2.50 | Rake $0 
Seat 1: ImaPeppaPig folded before Flop (didn't bet)
Seat 2: Melenya folded before Flop (didn't bet)
Seat 3: BoyLoc0 folded before Flop (didn't bet)
Seat 4: Manifestorr (button) collected ($2.50)
Seat 5: BumHuntKing (small blind) folded before Flop
Seat 6: J2DaMac (big blind) folded before Flop



PokerStars Hand #254480333238:  Hold'em No Limit ($0.50/$1.00 USD) - 2025/01/21 4:45:20 WET [2025/01/20 23:45:20 ET]
Table 'Juliet IV' 6-max Seat #5 is the button
Seat 1: ImaPeppaPig ($115.76 in chips) 
Seat 2: Melenya ($132.08 in chips) 
Seat 3: BoyLoc0 ($180.92 in chips) 
Seat 4: Manifestorr ($117.74 in chips) 
Seat 5: BumHuntKing ($140.62 in chips) 
Seat 6: J2DaMac ($129.48 in chips) 
J2DaMac: posts small blind $0.50
ImaPeppaPig: posts big blind $1
*** HOLE CARDS ***
Melenya: folds 
BoyLoc0: folds 
Manifestorr: raises $1.20 to $2.20
BumHuntKing: folds 
J2DaMac: calls $1.70
ImaPeppaPig: calls $1.20
*** FLOP *** [2h Kh 6c]
J2DaMac: checks 
ImaPeppaPig: checks 
Manifestorr: bets $3.14
J2DaMac: calls $3.14
ImaPeppaPig: folds 
*** TURN *** [2h Kh 6c] [Ts]
J2DaMac: checks 
Manifestorr: checks 
*** RIVER *** [2h Kh 6c Ts] [Th]
J2DaMac: bets $5
Manifestorr: calls $5
*** SHOW DOWN ***
J2DaMac: shows [3d 2d] (two pair, Tens and Deuces)
Manifestorr: shows [9h Kc] (two pair, Kings and Tens)
Manifestorr collected $21.74 from pot
*** SUMMARY ***
Total pot $22.88 | Rake $1.14 
Board [2h Kh 6c Ts Th]
Seat 1: ImaPeppaPig (big blind) folded on the Flop
Seat 2: Melenya folded before Flop (didn't bet)
Seat 3: BoyLoc0 folded before Flop (didn't bet)
Seat 4: Manifestorr showed [9h Kc] and won ($21.74) with two pair, Kings and Tens
Seat 5: BumHuntKing (button) folded before Flop (didn't bet)
Seat 6: J2DaMac (small blind) showed [3d 2d] and lost with two pair, Tens and Deuces



PokerStars Hand #254480338065:  Hold'em No Limit ($0.50/$1.00 USD) - 2025/01/21 4:46:13 WET [2025/01/20 23:46:13 ET]
Table 'Juliet IV' 6-max Seat #6 is the button
Seat 1: ImaPeppaPig ($113.56 in chips) 
Seat 2: Melenya ($132.08 in chips) 
Seat 3: BoyLoc0 ($180.92 in chips) 
Seat 4: Manifestorr ($129.14 in chips) 
Seat 5: BumHuntKing ($140.62 in chips) 
Seat 6: J2DaMac ($119.14 in chips) 
ImaPeppaPig: posts small blind $0.50
Melenya: posts big blind $1
*** HOLE CARDS ***
BoyLoc0: raises $1.50 to $2.50
Manifestorr: folds 
BumHuntKing: folds 
J2DaMac: calls $2.50
ImaPeppaPig: folds 
Melenya: folds 
*** FLOP *** [2c 8c Kh]
BoyLoc0: checks 
J2DaMac: checks 
*** TURN *** [2c 8c Kh] [7d]
BoyLoc0: checks 
J2DaMac: bets $2
BoyLoc0: folds 
Uncalled bet ($2) returned to J2DaMac
J2DaMac collected $6.18 from pot
*** SUMMARY ***
Total pot $6.50 | Rake $0.32 
Board [2c 8c Kh 7d]
Seat 1: ImaPeppaPig (small blind) folded before Flop
Seat 2: Melenya (big blind) folded before Flop
Seat 3: BoyLoc0 folded on the Turn
Seat 4: Manifestorr folded before Flop (didn't bet)
Seat 5: BumHuntKing folded before Flop (didn't bet)
Seat 6: J2DaMac (button) collected ($6.18)



PokerStars Hand #254480340629:  Hold'em No Limit ($0.50/$1.00 USD) - 2025/01/21 4:46:41 WET [2025/01/20 23:46:41 ET]
Table 'Juliet IV' 6-max Seat #1 is the button
Seat 1: ImaPeppaPig ($113.06 in chips) 
Seat 2: Melenya ($131.08 in chips) 
Seat 3: BoyLoc0 ($178.42 in chips) 
Seat 4: Manifestorr ($129.14 in chips) 
Seat 5: BumHuntKing ($140.62 in chips) 
Seat 6: J2DaMac ($122.82 in chips) 
Melenya: posts small blind $0.50
BoyLoc0: posts big blind $1
*** HOLE CARDS ***
Manifestorr: folds 
BumHuntKing: folds 
J2DaMac: calls $1
ImaPeppaPig: folds 
Melenya: folds 
BoyLoc0: checks 
*** FLOP *** [7c Qc Jh]
BoyLoc0: checks 
J2DaMac: checks 
*** TURN *** [7c Qc Jh] [5h]
BoyLoc0: checks 
J2DaMac: bets $1
BoyLoc0: raises $3.29 to $4.29
J2DaMac: folds 
Uncalled bet ($3.29) returned to BoyLoc0
BoyLoc0 collected $4.28 from pot
BoyLoc0: doesn't show hand 
*** SUMMARY ***
Total pot $4.50 | Rake $0.22 
Board [7c Qc Jh 5h]
Seat 1: ImaPeppaPig (button) folded before Flop (didn't bet)
Seat 2: Melenya (small blind) folded before Flop
Seat 3: BoyLoc0 (big blind) collected ($4.28)
Seat 4: Manifestorr folded before Flop (didn't bet)
Seat 5: BumHuntKing folded before Flop (didn't bet)
Seat 6: J2DaMac folded on the Turn



PokerStars Hand #254480344271:  Hold'em No Limit ($0.50/$1.00 USD) - 2025/01/21 4:47:21 WET [2025/01/20 23:47:21 ET]
Table 'Juliet IV' 6-max Seat #2 is the button
Seat 1: ImaPeppaPig ($113.06 in chips) 
Seat 2: Melenya ($130.58 in chips) 
Seat 3: BoyLoc0 ($180.70 in chips) 
Seat 4: Manifestorr ($129.14 in chips) 
Seat 5: BumHuntKing ($140.62 in chips) 
Seat 6: J2DaMac ($120.82 in chips) 
BoyLoc0: posts small blind $0.50
Manifestorr: posts big blind $1
*** HOLE CARDS ***
BumHuntKing: folds 
J2DaMac: calls $1
ImaPeppaPig: folds 
Melenya: raises $2.50 to $3.50
BoyLoc0: folds 
Manifestorr: folds 
J2DaMac: calls $2.50
*** FLOP *** [3c Th 4s]
J2DaMac: checks 
Melenya: bets $2.02
J2DaMac: calls $2.02
*** TURN *** [3c Th 4s] [7h]
J2DaMac: checks 
Melenya: checks 
*** RIVER *** [3c Th 4s 7h] [Ks]
J2DaMac: checks 
Melenya: bets $29.77
J2DaMac: folds 
Uncalled bet ($29.77) returned to Melenya
Melenya collected $11.91 from pot
Melenya: doesn't show hand 
*** SUMMARY ***
Total pot $12.54 | Rake $0.63 
Board [3c Th 4s 7h Ks]
Seat 1: ImaPeppaPig folded before Flop (didn't bet)
Seat 2: Melenya (button) collected ($11.91)
Seat 3: BoyLoc0 (small blind) folded before Flop
Seat 4: Manifestorr (big blind) folded before Flop
Seat 5: BumHuntKing folded before Flop (didn't bet)
Seat 6: J2DaMac folded on the River



PokerStars Hand #254480350123:  Hold'em No Limit ($0.50/$1.00 USD) - 2025/01/21 4:48:25 WET [2025/01/20 23:48:25 ET]
Table 'Juliet IV' 6-max Seat #3 is the button
Seat 1: ImaPeppaPig ($113.06 in chips) 
Seat 2: Melenya ($136.97 in chips) 
Seat 3: BoyLoc0 ($180.20 in chips) 
Seat 4: Manifestorr ($128.14 in chips) 
Seat 5: BumHuntKing ($140.62 in chips) 
Seat 6: J2DaMac ($115.30 in chips) 
Manifestorr: posts small blind $0.50
BumHuntKing: posts big blind $1
*** HOLE CARDS ***
J2DaMac: folds 
ImaPeppaPig: folds 
Melenya: folds 
BoyLoc0: folds 
Manifestorr: raises $2 to $3
BumHuntKing: folds 
Uncalled bet ($2) returned to Manifestorr
Manifestorr collected $2 from pot
*** SUMMARY ***
Total pot $2 | Rake $0 
Seat 1: ImaPeppaPig folded before Flop (didn't bet)
Seat 2: Melenya folded before Flop (didn't bet)
Seat 3: BoyLoc0 (button) folded before Flop (didn't bet)
Seat 4: Manifestorr (small blind) collected ($2)
Seat 5: BumHuntKing (big blind) folded before Flop
Seat 6: J2DaMac folded before Flop (didn't bet)



PokerStars Hand #254480351588:  Hold'em No Limit ($0.50/$1.00 USD) - 2025/01/21 4:48:42 WET [2025/01/20 23:48:42 ET]
Table 'Juliet IV' 6-max Seat #4 is the button
Seat 1: ImaPeppaPig ($113.06 in chips) 
Seat 2: Melenya ($136.97 in chips) 
Seat 3: BoyLoc0 ($180.20 in chips) 
Seat 4: Manifestorr ($129.14 in chips) 
Seat 5: BumHuntKing ($139.62 in chips) 
Seat 6: J2DaMac ($115.30 in chips) 
BumHuntKing: posts small blind $0.50
J2DaMac: posts big blind $1
*** HOLE CARDS ***
ImaPeppaPig: folds 
Melenya: folds 
BoyLoc0: raises $1.50 to $2.50
Manifestorr: calls $2.50
BumHuntKing: folds 
J2DaMac: calls $1.50
*** FLOP *** [7c Td 9d]
J2DaMac: checks 
BoyLoc0: checks 
Manifestorr: checks 
*** TURN *** [7c Td 9d] [Js]
J2DaMac: checks 
BoyLoc0: checks 
Manifestorr: checks 
*** RIVER *** [7c Td 9d Js] [3s]
J2DaMac: checks 
BoyLoc0: checks 
Manifestorr: checks 
*** SHOW DOWN ***
J2DaMac: shows [7s Ah] (a pair of Sevens)
BoyLoc0: shows [Jh Ac] (a pair of Jacks)
Manifestorr: mucks hand 
BoyLoc0 collected $7.60 from pot
*** SUMMARY ***
Total pot $8 | Rake $0.40 
Board [7c Td 9d Js 3s]
Seat 1: ImaPeppaPig folded before Flop (didn't bet)
Seat 2: Melenya folded before Flop (didn't bet)
Seat 3: BoyLoc0 showed [Jh Ac] and won ($7.60) with a pair of Jacks
Seat 4: Manifestorr (button) mucked
Seat 5: BumHuntKing (small blind) folded before Flop
Seat 6: J2DaMac (big blind) showed [7s Ah] and lost with a pair of Sevens



PokerStars Hand #254480358061:  Hold'em No Limit ($0.50/$1.00 USD) - 2025/01/21 4:49:54 WET [2025/01/20 23:49:54 ET]
Table 'Juliet IV' 6-max Seat #5 is the button
Seat 1: ImaPeppaPig ($113.06 in chips) 
Seat 2: Melenya ($136.97 in chips) 
Seat 3: BoyLoc0 ($185.30 in chips) 
Seat 4: Manifestorr ($126.64 in chips) 
Seat 5: BumHuntKing ($139.12 in chips) 
Seat 6: J2DaMac ($112.80 in chips) 
J2DaMac: posts small blind $0.50
ImaPeppaPig: posts big blind $1
*** HOLE CARDS ***
Melenya: folds 
BoyLoc0: folds 
Manifestorr: folds 
BumHuntKing: folds 
J2DaMac: calls $0.50
ImaPeppaPig: checks 
*** FLOP *** [7c 7d 3s]
J2DaMac: checks 
ImaPeppaPig: bets $1.44
J2DaMac: calls $1.44
*** TURN *** [7c 7d 3s] [7h]
J2DaMac: checks 
ImaPeppaPig: checks 
*** RIVER *** [7c 7d 3s 7h] [4h]
J2DaMac: bets $5
ImaPeppaPig: folds 
Uncalled bet ($5) returned to J2DaMac
J2DaMac collected $4.64 from pot
*** SUMMARY ***
Total pot $4.88 | Rake $0.24 
Board [7c 7d 3s 7h 4h]
Seat 1: ImaPeppaPig (big blind) folded on the River
Seat 2: Melenya folded before Flop (didn't bet)
Seat 3: BoyLoc0 folded before Flop (didn't bet)
Seat 4: Manifestorr folded before Flop (didn't bet)
Seat 5: BumHuntKing (button) folded before Flop (didn't bet)
Seat 6: J2DaMac (small blind) collected ($4.64)



PokerStars Hand #254480361893:  Hold'em No Limit ($0.50/$1.00 USD) - 2025/01/21 4:50:38 WET [2025/01/20 23:50:38 ET]
Table 'Juliet IV' 6-max Seat #6 is the button
Seat 1: ImaPeppaPig ($110.62 in chips) 
Seat 2: Melenya ($136.97 in chips) 
Seat 3: BoyLoc0 ($185.30 in chips) 
Seat 4: Manifestorr ($126.64 in chips) 
Seat 5: BumHuntKing ($139.12 in chips) 
Seat 6: J2DaMac ($115 in chips) 
ImaPeppaPig: posts small blind $0.50
Melenya: posts big blind $1
*** HOLE CARDS ***
BoyLoc0: folds 
Manifestorr: folds 
BumHuntKing: raises $1.20 to $2.20
J2DaMac: calls $2.20
ImaPeppaPig: folds 
Melenya: folds 
*** FLOP *** [5s 5h 9s]
BumHuntKing: bets $1.85
J2DaMac: folds 
Uncalled bet ($1.85) returned to BumHuntKing
BumHuntKing collected $5.60 from pot
BumHuntKing: doesn't show hand 
*** SUMMARY ***
Total pot $5.90 | Rake $0.30 
Board [5s 5h 9s]
Seat 1: ImaPeppaPig (small blind) folded before Flop
Seat 2: Melenya (big blind) folded before Flop
Seat 3: BoyLoc0 folded before Flop (didn't bet)
Seat 4: Manifestorr folded before Flop (didn't bet)
Seat 5: BumHuntKing collected ($5.60)
Seat 6: J2DaMac (button) folded on the Flop



PokerStars Hand #254480364033:  Hold'em No Limit ($0.50/$1.00 USD) - 2025/01/21 4:51:02 WET [2025/01/20 23:51:02 ET]
Table 'Juliet IV' 6-max Seat #1 is the button
Seat 1: ImaPeppaPig ($110.12 in chips) 
Seat 2: Melenya ($135.97 in chips) 
Seat 3: BoyLoc0 ($185.30 in chips) 
Seat 4: Manifestorr ($126.64 in chips) 
Seat 5: BumHuntKing ($142.52 in chips) 
Seat 6: J2DaMac ($112.80 in chips) 
Melenya: posts small blind $0.50
BoyLoc0: posts big blind $1
*** HOLE CARDS ***
Manifestorr: folds 
BumHuntKing: folds 
J2DaMac: calls $1
ImaPeppaPig: raises $3 to $4
Melenya: folds 
BoyLoc0: folds 
J2DaMac: calls $3
*** FLOP *** [4c Qh 9h]
J2DaMac: checks 
ImaPeppaPig: bets $2.80
J2DaMac: calls $2.80
*** TURN *** [4c Qh 9h] [2h]
J2DaMac: checks 
ImaPeppaPig: checks 
*** RIVER *** [4c Qh 9h 2h] [3c]
J2DaMac: checks 
ImaPeppaPig: checks 
*** SHOW DOWN ***
J2DaMac: shows [Kd Js] (high card King)
ImaPeppaPig: shows [5c 5h] (a pair of Fives)
ImaPeppaPig collected $14.34 from pot
*** SUMMARY ***
Total pot $15.10 | Rake $0.76 
Board [4c Qh 9h 2h 3c]
Seat 1: ImaPeppaPig (button) showed [5c 5h] and won ($14.34) with a pair of Fives
Seat 2: Melenya (small blind) folded before Flop
Seat 3: BoyLoc0 (big blind) folded before Flop
Seat 4: Manifestorr folded before Flop (didn't bet)
Seat 5: BumHuntKing folded before Flop (didn't bet)
Seat 6: J2DaMac showed [Kd Js] and lost with high card King



PokerStars Hand #254480367544:  Hold'em No Limit ($0.50/$1.00 USD) - 2025/01/21 4:51:42 WET [2025/01/20 23:51:42 ET]
Table 'Juliet IV' 6-max Seat #2 is the button
Seat 1: ImaPeppaPig ($117.66 in chips) 
Seat 2: Melenya ($135.47 in chips) 
Seat 3: BoyLoc0 ($184.30 in chips) 
Seat 4: Manifestorr ($126.64 in chips) 
Seat 5: BumHuntKing ($142.52 in chips) 
Seat 6: J2DaMac ($106 in chips) 
BoyLoc0: posts small blind $0.50
Manifestorr: posts big blind $1
*** HOLE CARDS ***
BumHuntKing: folds 
J2DaMac: folds 
ImaPeppaPig: folds 
Melenya: raises $1.50 to $2.50
BoyLoc0: raises $7.50 to $10
Manifestorr: folds 
Melenya: folds 
Uncalled bet ($7.50) returned to BoyLoc0
BoyLoc0 collected $6 from pot
BoyLoc0: doesn't show hand 
*** SUMMARY ***
Total pot $6 | Rake $0 
Seat 1: ImaPeppaPig folded before Flop (didn't bet)
Seat 2: Melenya (button) folded before Flop
Seat 3: BoyLoc0 (small blind) collected ($6)
Seat 4: Manifestorr (big blind) folded before Flop
Seat 5: BumHuntKing folded before Flop (didn't bet)
Seat 6: J2DaMac folded before Flop (didn't bet)



PokerStars Hand #254480369266:  Hold'em No Limit ($0.50/$1.00 USD) - 2025/01/21 4:52:02 WET [2025/01/20 23:52:02 ET]
Table 'Juliet IV' 6-max Seat #3 is the button
Seat 1: ImaPeppaPig ($117.66 in chips) 
Seat 2: Melenya ($132.97 in chips) 
Seat 3: BoyLoc0 ($187.80 in chips) 
Seat 4: Manifestorr ($125.64 in chips) 
Seat 5: BumHuntKing ($142.52 in chips) 
Seat 6: J2DaMac ($106 in chips) 
Manifestorr: posts small blind $0.50
BumHuntKing: posts big blind $1
*** HOLE CARDS ***
J2DaMac: calls $1
ImaPeppaPig: folds 
Melenya: folds 
BoyLoc0: folds 
Manifestorr: folds 
BumHuntKing: raises $4.50 to $5.50
J2DaMac: calls $4.50
*** FLOP *** [Qh 5c Ks]
BumHuntKing: bets $3.60
J2DaMac: calls $3.60
*** TURN *** [Qh 5c Ks] [6d]
BumHuntKing: bets $21.77
J2DaMac: folds 
Uncalled bet ($21.77) returned to BumHuntKing
BumHuntKing collected $17.76 from pot
BumHuntKing: doesn't show hand 
*** SUMMARY ***
Total pot $18.70 | Rake $0.94 
Board [Qh 5c Ks 6d]
Seat 1: ImaPeppaPig folded before Flop (didn't bet)
Seat 2: Melenya folded before Flop (didn't bet)
Seat 3: BoyLoc0 (button) folded before Flop (didn't bet)
Seat 4: Manifestorr (small blind) folded before Flop
Seat 5: BumHuntKing (big blind) collected ($17.76)
Seat 6: J2DaMac folded on the Turn



PokerStars Hand #254480373282:  Hold'em No Limit ($0.50/$1.00 USD) - 2025/01/21 4:52:47 WET [2025/01/20 23:52:47 ET]
Table 'Juliet IV' 6-max Seat #4 is the button
Seat 1: ImaPeppaPig ($117.66 in chips) 
Seat 2: Melenya ($132.97 in chips) 
Seat 3: BoyLoc0 ($187.80 in chips) 
Seat 4: Manifestorr ($125.14 in chips) 
Seat 5: BumHuntKing ($151.18 in chips) 
Seat 6: J2DaMac ($96.90 in chips) 
BumHuntKing: posts small blind $0.50
J2DaMac: posts big blind $1
*** HOLE CARDS ***
ImaPeppaPig: folds 
Melenya: raises $1 to $2
BoyLoc0: folds 
Manifestorr: folds 
BumHuntKing: folds 
J2DaMac: calls $1
*** FLOP *** [Jd 5c Qh]
J2DaMac: checks 
Melenya: bets $1.07
J2DaMac: calls $1.07
*** TURN *** [Jd 5c Qh] [4c]
J2DaMac: checks 
Melenya: bets $2.10
J2DaMac: folds 
Uncalled bet ($2.10) returned to Melenya
Melenya collected $6.31 from pot
Melenya: doesn't show hand 
*** SUMMARY ***
Total pot $6.64 | Rake $0.33 
Board [Jd 5c Qh 4c]
Seat 1: ImaPeppaPig folded before Flop (didn't bet)
Seat 2: Melenya collected ($6.31)
Seat 3: BoyLoc0 folded before Flop (didn't bet)
Seat 4: Manifestorr (button) folded before Flop (didn't bet)
Seat 5: BumHuntKing (small blind) folded before Flop
Seat 6: J2DaMac (big blind) folded on the Turn



PokerStars Hand #254480376110:  Hold'em No Limit ($0.50/$1.00 USD) - 2025/01/21 4:53:19 WET [2025/01/20 23:53:19 ET]
Table 'Juliet IV' 6-max Seat #5 is the button
Seat 1: ImaPeppaPig ($117.66 in chips) 
Seat 2: Melenya ($136.21 in chips) 
Seat 3: BoyLoc0 ($187.80 in chips) 
Seat 4: Manifestorr ($125.14 in chips) 
Seat 5: BumHuntKing ($150.68 in chips) 
Seat 6: J2DaMac ($93.83 in chips) 
J2DaMac: posts small blind $0.50
ImaPeppaPig: posts big blind $1
*** HOLE CARDS ***
Melenya: folds 
BoyLoc0: folds 
Manifestorr: folds 
BumHuntKing: raises $1.50 to $2.50
J2DaMac: raises $2.50 to $5
ImaPeppaPig: folds 
BumHuntKing: calls $2.50
*** FLOP *** [4d 9d 4s]
J2DaMac: bets $5
BumHuntKing: calls $5
*** TURN *** [4d 9d 4s] [Jh]
J2DaMac: checks 
BumHuntKing: checks 
*** RIVER *** [4d 9d 4s Jh] [7s]
J2DaMac: bets $19.95
BumHuntKing: calls $19.95
*** SHOW DOWN ***
J2DaMac: shows [Ac Th] (a pair of Fours)
BumHuntKing: shows [Ts Js] (two pair, Jacks and Fours)
BumHuntKing collected $58.40 from pot
*** SUMMARY ***
Total pot $60.90 | Rake $2.50 
Board [4d 9d 4s Jh 7s]
Seat 1: ImaPeppaPig (big blind) folded before Flop
Seat 2: Melenya folded before Flop (didn't bet)
Seat 3: BoyLoc0 folded before Flop (didn't bet)
Seat 4: Manifestorr folded before Flop (didn't bet)
Seat 5: BumHuntKing (button) showed [Ts Js] and won ($58.40) with two pair, Jacks and Fours
Seat 6: J2DaMac (small blind) showed [Ac Th] and lost with a pair of Fours



PokerStars Hand #254480381647:  Hold'em No Limit ($0.50/$1.00 USD) - 2025/01/21 4:54:22 WET [2025/01/20 23:54:22 ET]
Table 'Juliet IV' 6-max Seat #6 is the button
Seat 1: ImaPeppaPig ($116.66 in chips) 
Seat 2: Melenya ($136.21 in chips) 
Seat 3: BoyLoc0 ($187.80 in chips) 
Seat 4: Manifestorr ($125.14 in chips) 
Seat 5: BumHuntKing ($179.13 in chips) 
Seat 6: J2DaMac ($63.88 in chips) 
ImaPeppaPig: posts small blind $0.50
Melenya: posts big blind $1
*** HOLE CARDS ***
BoyLoc0: folds 
Manifestorr: folds 
BumHuntKing: folds 
J2DaMac: calls $1
ImaPeppaPig: folds 
Melenya: checks 
*** FLOP *** [6h 8d 7c]
Melenya: checks 
J2DaMac: bets $2
Melenya: calls $2
*** TURN *** [6h 8d 7c] [Qd]
Melenya: checks 
J2DaMac: checks 
*** RIVER *** [6h 8d 7c Qd] [9d]
Melenya: checks 
J2DaMac: bets $4
Melenya: calls $4
*** SHOW DOWN ***
J2DaMac: shows [7s Kd] (a pair of Sevens)
Melenya: shows [Ts 6s] (a straight, Six to Ten)
Melenya collected $13.78 from pot
*** SUMMARY ***
Total pot $14.50 | Rake $0.72 
Board [6h 8d 7c Qd 9d]
Seat 1: ImaPeppaPig (small blind) folded before Flop
Seat 2: Melenya (big blind) showed [Ts 6s] and won ($13.78) with a straight, Six to Ten
Seat 3: BoyLoc0 folded before Flop (didn't bet)
Seat 4: Manifestorr folded before Flop (didn't bet)
Seat 5: BumHuntKing folded before Flop (didn't bet)
Seat 6: J2DaMac (button) showed [7s Kd] and lost with a pair of Sevens



PokerStars Hand #254480385592:  Hold'em No Limit ($0.50/$1.00 USD) - 2025/01/21 4:55:07 WET [2025/01/20 23:55:07 ET]
Table 'Juliet IV' 6-max Seat #1 is the button
Seat 1: ImaPeppaPig ($116.16 in chips) 
Seat 2: Melenya ($142.99 in chips) 
Seat 3: BoyLoc0 ($187.80 in chips) 
Seat 4: Manifestorr ($125.14 in chips) 
Seat 5: BumHuntKing ($179.13 in chips) 
Seat 6: J2DaMac ($56.88 in chips) 
Melenya: posts small blind $0.50
BoyLoc0: posts big blind $1
*** HOLE CARDS ***
Manifestorr: folds 
BumHuntKing: folds 
J2DaMac: folds 
ImaPeppaPig: raises $1.50 to $2.50
Melenya: folds 
BoyLoc0: raises $10.50 to $13
ImaPeppaPig: folds 
Uncalled bet ($10.50) returned to BoyLoc0
BoyLoc0 collected $5.50 from pot
BoyLoc0: doesn't show hand 
*** SUMMARY ***
Total pot $5.50 | Rake $0 
Seat 1: ImaPeppaPig (button) folded before Flop
Seat 2: Melenya (small blind) folded before Flop
Seat 3: BoyLoc0 (big blind) collected ($5.50)
Seat 4: Manifestorr folded before Flop (didn't bet)
Seat 5: BumHuntKing folded before Flop (didn't bet)
Seat 6: J2DaMac folded before Flop (didn't bet)



PokerStars Hand #254480387391:  Hold'em No Limit ($0.50/$1.00 USD) - 2025/01/21 4:55:33 WET [2025/01/20 23:55:33 ET]
Table 'Juliet IV' 6-max Seat #2 is the button
Seat 1: ImaPeppaPig ($113.66 in chips) 
Seat 2: Melenya ($142.49 in chips) 
Seat 3: BoyLoc0 ($190.80 in chips) 
Seat 4: Manifestorr ($125.14 in chips) 
Seat 5: BumHuntKing ($179.13 in chips) 
Seat 6: J2DaMac ($56.88 in chips) 
BoyLoc0: posts small blind $0.50
Manifestorr: posts big blind $1
*** HOLE CARDS ***
BumHuntKing: raises $1.20 to $2.20
J2DaMac: folds 
ImaPeppaPig: folds 
Melenya: folds 
BoyLoc0: raises $9.80 to $12
Manifestorr: folds 
BumHuntKing: folds 
Uncalled bet ($9.80) returned to BoyLoc0
BoyLoc0 collected $5.40 from pot
BoyLoc0: doesn't show hand 
*** SUMMARY ***
Total pot $5.40 | Rake $0 
Seat 1: ImaPeppaPig folded before Flop (didn't bet)
Seat 2: Melenya (button) folded before Flop (didn't bet)
Seat 3: BoyLoc0 (small blind) collected ($5.40)
Seat 4: Manifestorr (big blind) folded before Flop
Seat 5: BumHuntKing folded before Flop
Seat 6: J2DaMac folded before Flop (didn't bet)



PokerStars Hand #254480388502:  Hold'em No Limit ($0.50/$1.00 USD) - 2025/01/21 4:55:48 WET [2025/01/20 23:55:48 ET]
Table 'Juliet IV' 6-max Seat #3 is the button
Seat 1: ImaPeppaPig ($113.66 in chips) 
Seat 2: Melenya ($142.49 in chips) 
Seat 3: BoyLoc0 ($194 in chips) 
Seat 4: Manifestorr ($124.14 in chips) 
Seat 5: BumHuntKing ($176.93 in chips) 
Seat 6: J2DaMac ($56.88 in chips) 
Manifestorr: posts small blind $0.50
BumHuntKing: posts big blind $1
*** HOLE CARDS ***
J2DaMac: calls $1
ImaPeppaPig: folds 
Melenya: folds 
BoyLoc0: folds 
Manifestorr: folds 
BumHuntKing: checks 
*** FLOP *** [6s Ac Td]
BumHuntKing: checks 
J2DaMac: checks 
*** TURN *** [6s Ac Td] [Jh]
BumHuntKing: checks 
J2DaMac: checks 
*** RIVER *** [6s Ac Td Jh] [2c]
BumHuntKing: bets $3.57
J2DaMac: folds 
Uncalled bet ($3.57) returned to BumHuntKing
BumHuntKing collected $2.38 from pot
BumHuntKing: doesn't show hand 
*** SUMMARY ***
Total pot $2.50 | Rake $0.12 
Board [6s Ac Td Jh 2c]
Seat 1: ImaPeppaPig folded before Flop (didn't bet)
Seat 2: Melenya folded before Flop (didn't bet)
Seat 3: BoyLoc0 (button) folded before Flop (didn't bet)
Seat 4: Manifestorr (small blind) folded before Flop
Seat 5: BumHuntKing (big blind) collected ($2.38)
Seat 6: J2DaMac folded on the River



PokerStars Hand #254480390148:  Hold'em No Limit ($0.50/$1.00 USD) - 2025/01/21 4:56:11 WET [2025/01/20 23:56:11 ET]
Table 'Juliet IV' 6-max Seat #4 is the button
Seat 1: ImaPeppaPig ($113.66 in chips) 
Seat 2: Melenya ($142.49 in chips) 
Seat 3: BoyLoc0 ($194 in chips) 
Seat 4: Manifestorr ($123.64 in chips) 
Seat 5: BumHuntKing ($178.31 in chips) 
Seat 6: J2DaMac ($55.88 in chips) 
BumHuntKing: posts small blind $0.50
J2DaMac: posts big blind $1
*** HOLE CARDS ***
ImaPeppaPig: folds 
Melenya: raises $1 to $2
BoyLoc0: folds 
Manifestorr: folds 
BumHuntKing: folds 
J2DaMac: raises $4 to $6
Melenya: calls $4
*** FLOP *** [9d Kc 2c]
J2DaMac: bets $6
Melenya: calls $6
*** TURN *** [9d Kc 2c] [5d]
J2DaMac: bets $10
Melenya: calls $10
*** RIVER *** [9d Kc 2c 5d] [5s]
J2DaMac: bets $20
Melenya: calls $20
*** SHOW DOWN ***
J2DaMac: shows [Qs 9s] (two pair, Nines and Fives)
Melenya: shows [Ks Qc] (two pair, Kings and Fives)
Melenya collected $82 from pot
*** SUMMARY ***
Total pot $84.50 | Rake $2.50 
Board [9d Kc 2c 5d 5s]
Seat 1: ImaPeppaPig folded before Flop (didn't bet)
Seat 2: Melenya showed [Ks Qc] and won ($82) with two pair, Kings and Fives
Seat 3: BoyLoc0 folded before Flop (didn't bet)
Seat 4: Manifestorr (button) folded before Flop (didn't bet)
Seat 5: BumHuntKing (small blind) folded before Flop
Seat 6: J2DaMac (big blind) showed [Qs 9s] and lost with two pair, Nines and Fives



PokerStars Hand #254480394809:  Hold'em No Limit ($0.50/$1.00 USD) - 2025/01/21 4:57:15 WET [2025/01/20 23:57:15 ET]
Table 'Juliet IV' 6-max Seat #5 is the button
Seat 1: ImaPeppaPig ($113.66 in chips) 
Seat 2: Melenya ($182.49 in chips) 
Seat 3: BoyLoc0 ($194 in chips) 
Seat 4: Manifestorr ($123.64 in chips) 
Seat 5: BumHuntKing ($177.81 in chips) 
Seat 6: J2DaMac ($13.88 in chips) 
J2DaMac: posts small blind $0.50
ImaPeppaPig: posts big blind $1
*** HOLE CARDS ***
Melenya: folds 
BoyLoc0: raises $1.50 to $2.50
Manifestorr: folds 
BumHuntKing: folds 
J2DaMac: folds 
ImaPeppaPig: folds 
Uncalled bet ($1.50) returned to BoyLoc0
BoyLoc0 collected $2.50 from pot
BoyLoc0: doesn't show hand 
*** SUMMARY ***
Total pot $2.50 | Rake $0 
Seat 1: ImaPeppaPig (big blind) folded before Flop
Seat 2: Melenya folded before Flop (didn't bet)
Seat 3: BoyLoc0 collected ($2.50)
Seat 4: Manifestorr folded before Flop (didn't bet)
Seat 5: BumHuntKing (button) folded before Flop (didn't bet)
Seat 6: J2DaMac (small blind) folded before Flop



PokerStars Hand #254480396121:  Hold'em No Limit ($0.50/$1.00 USD) - 2025/01/21 4:57:32 WET [2025/01/20 23:57:32 ET]
Table 'Juliet IV' 6-max Seat #6 is the button
Seat 1: ImaPeppaPig ($112.66 in chips) 
Seat 2: Melenya ($182.49 in chips) 
Seat 3: BoyLoc0 ($195.50 in chips) 
Seat 4: Manifestorr ($123.64 in chips) 
Seat 5: BumHuntKing ($177.81 in chips) 
Seat 6: J2DaMac ($13.38 in chips) 
ImaPeppaPig: posts small blind $0.50
Melenya: posts big blind $1
*** HOLE CARDS ***
BoyLoc0: folds 
Manifestorr: folds 
BumHuntKing: folds 
J2DaMac: raises $1 to $2
ImaPeppaPig: folds 
Melenya: calls $1
*** FLOP *** [5d 3s As]
Melenya: checks 
J2DaMac: bets $3
Melenya: folds 
Uncalled bet ($3) returned to J2DaMac
J2DaMac collected $4.28 from pot
*** SUMMARY ***
Total pot $4.50 | Rake $0.22 
Board [5d 3s As]
Seat 1: ImaPeppaPig (small blind) folded before Flop
Seat 2: Melenya (big blind) folded on the Flop
Seat 3: BoyLoc0 folded before Flop (didn't bet)
Seat 4: Manifestorr folded before Flop (didn't bet)
Seat 5: BumHuntKing folded before Flop (didn't bet)
Seat 6: J2DaMac (button) collected ($4.28)



PokerStars Hand #254480397973:  Hold'em No Limit ($0.50/$1.00 USD) - 2025/01/21 4:57:58 WET [2025/01/20 23:57:58 ET]
Table 'Juliet IV' 6-max Seat #1 is the button
Seat 1: ImaPeppaPig ($112.16 in chips) 
Seat 2: Melenya ($180.49 in chips) 
Seat 3: BoyLoc0 ($195.50 in chips) 
Seat 4: Manifestorr ($123.64 in chips) 
Seat 5: BumHuntKing ($177.81 in chips) 
Seat 6: J2DaMac ($15.66 in chips) 
Melenya: posts small blind $0.50
BoyLoc0: posts big blind $1
*** HOLE CARDS ***
Manifestorr: folds 
BumHuntKing: raises $1.20 to $2.20
J2DaMac: calls $2.20
ImaPeppaPig: folds 
Melenya: folds 
BoyLoc0: folds 
*** FLOP *** [7c 2c Jd]
BumHuntKing: checks 
J2DaMac: checks 
*** TURN *** [7c 2c Jd] [8h]
BumHuntKing: bets $1
J2DaMac: calls $1
*** RIVER *** [7c 2c Jd 8h] [4d]
BumHuntKing: checks 
J2DaMac: bets $3
BumHuntKing: raises $13.50 to $16.50
J2DaMac: folds 
Uncalled bet ($13.50) returned to BumHuntKing
BumHuntKing collected $13.20 from pot
BumHuntKing: doesn't show hand 
*** SUMMARY ***
Total pot $13.90 | Rake $0.70 
Board [7c 2c Jd 8h 4d]
Seat 1: ImaPeppaPig (button) folded before Flop (didn't bet)
Seat 2: Melenya (small blind) folded before Flop
Seat 3: BoyLoc0 (big blind) folded before Flop
Seat 4: Manifestorr folded before Flop (didn't bet)
Seat 5: BumHuntKing collected ($13.20)
Seat 6: J2DaMac folded on the River



PokerStars Hand #254480400753:  Hold'em No Limit ($0.50/$1.00 USD) - 2025/01/21 4:58:38 WET [2025/01/20 23:58:38 ET]
Table 'Juliet IV' 6-max Seat #2 is the button
Seat 1: ImaPeppaPig ($112.16 in chips) 
Seat 2: Melenya ($179.99 in chips) 
Seat 3: BoyLoc0 ($194.50 in chips) 
Seat 4: Manifestorr ($123.64 in chips) 
Seat 5: BumHuntKing ($184.81 in chips) 
Seat 6: J2DaMac ($9.46 in chips) 
BoyLoc0: posts small blind $0.50
Manifestorr: posts big blind $1
*** HOLE CARDS ***
BumHuntKing: folds 
J2DaMac: calls $1
ImaPeppaPig: raises $4 to $5
Melenya: raises $5 to $10
BoyLoc0: folds 
Manifestorr: folds 
J2DaMac: calls $8.46 and is all-in
ImaPeppaPig: raises $102.16 to $112.16 and is all-in
Melenya: folds 
Uncalled bet ($102.16) returned to ImaPeppaPig
*** FLOP *** [Th 3s 2s]
*** TURN *** [Th 3s 2s] [Js]
*** RIVER *** [Th 3s 2s Js] [6h]
*** SHOW DOWN ***
ImaPeppaPig: shows [Ah Qs] (high card Ace)
ImaPeppaPig collected $1.02 from side pot
J2DaMac: shows [3c Kc] (a pair of Threes)
J2DaMac collected $28.39 from main pot
*** SUMMARY ***
Total pot $30.96 Main pot $28.39. Side pot $1.02. | Rake $1.55 
Board [Th 3s 2s Js 6h]
Seat 1: ImaPeppaPig showed [Ah Qs] and won ($1.02) with high card Ace
Seat 2: Melenya (button) folded before Flop
Seat 3: BoyLoc0 (small blind) folded before Flop
Seat 4: Manifestorr (big blind) folded before Flop
Seat 5: BumHuntKing folded before Flop (didn't bet)
Seat 6: J2DaMac showed [3c Kc] and won ($28.39) with a pair of Threes



PokerStars Hand #254480403958:  Hold'em No Limit ($0.50/$1.00 USD) - 2025/01/21 4:59:24 WET [2025/01/20 23:59:24 ET]
Table 'Juliet IV' 6-max Seat #3 is the button
Seat 1: ImaPeppaPig ($103.18 in chips) 
Seat 2: Melenya ($169.99 in chips) 
Seat 3: BoyLoc0 ($194 in chips) 
Seat 4: Manifestorr ($122.64 in chips) 
Seat 5: BumHuntKing ($184.81 in chips) 
Seat 6: J2DaMac ($28.39 in chips) 
Manifestorr: posts small blind $0.50
BumHuntKing: posts big blind $1
*** HOLE CARDS ***
J2DaMac: calls $1
ImaPeppaPig: raises $4 to $5
Melenya: folds 
BoyLoc0: folds 
Manifestorr: folds 
BumHuntKing: folds 
J2DaMac: raises $23.39 to $28.39 and is all-in
ImaPeppaPig: calls $23.39
*** FIRST FLOP *** [Qc 9s 7d]
*** FIRST TURN *** [Qc 9s 7d] [Jd]
*** FIRST RIVER *** [Qc 9s 7d Jd] [9d]
*** SECOND FLOP *** [6s 4s 6h]
*** SECOND TURN *** [6s 4s 6h] [Ad]
*** SECOND RIVER *** [6s 4s 6h Ad] [Ks]
*** FIRST SHOW DOWN ***
J2DaMac: shows [As Js] (two pair, Jacks and Nines)
ImaPeppaPig: shows [9c 9h] (four of a kind, Nines)
ImaPeppaPig collected $27.89 from pot
*** SECOND SHOW DOWN ***
J2DaMac: shows [As Js] (a flush, Ace high)
ImaPeppaPig: shows [9c 9h] (two pair, Nines and Sixes)
J2DaMac collected $27.89 from pot
*** SUMMARY ***
Total pot $58.28 | Rake $2.50 
Hand was run twice
FIRST Board [Qc 9s 7d Jd 9d]
SECOND Board [6s 4s 6h Ad Ks]
Seat 1: ImaPeppaPig showed [9c 9h] and won ($27.89) with four of a kind, Nines, and lost with two pair, Nines and Sixes
Seat 2: Melenya folded before Flop (didn't bet)
Seat 3: BoyLoc0 (button) folded before Flop (didn't bet)
Seat 4: Manifestorr (small blind) folded before Flop
Seat 5: BumHuntKing (big blind) folded before Flop
Seat 6: J2DaMac showed [As Js] and lost with two pair, Jacks and Nines, and won ($27.89) with a flush, Ace high



PokerStars Hand #254480406955:  Hold'em No Limit ($0.50/$1.00 USD) - 2025/01/21 5:00:05 WET [2025/01/21 0:00:05 ET]
Table 'Juliet IV' 6-max Seat #4 is the button
Seat 1: ImaPeppaPig ($102.68 in chips) 
Seat 2: Melenya ($169.99 in chips) 
Seat 3: BoyLoc0 ($194 in chips) 
Seat 4: Manifestorr ($122.14 in chips) 
Seat 5: BumHuntKing ($183.81 in chips) 
Seat 6: J2DaMac ($27.89 in chips) 
BumHuntKing: posts small blind $0.50
J2DaMac: posts big blind $1
*** HOLE CARDS ***
ImaPeppaPig: folds 
Melenya: folds 
BoyLoc0: folds 
Manifestorr: raises $1.20 to $2.20
BumHuntKing: raises $8.80 to $11
J2DaMac: folds 
Manifestorr: folds 
Uncalled bet ($8.80) returned to BumHuntKing
BumHuntKing collected $5.40 from pot
BumHuntKing: doesn't show hand 
*** SUMMARY ***
Total pot $5.40 | Rake $0 
Seat 1: ImaPeppaPig folded before Flop (didn't bet)
Seat 2: Melenya folded before Flop (didn't bet)
Seat 3: BoyLoc0 folded before Flop (didn't bet)
Seat 4: Manifestorr (button) folded before Flop
Seat 5: BumHuntKing (small blind) collected ($5.40)
Seat 6: J2DaMac (big blind) folded before Flop



PokerStars Hand #254480408605:  Hold'em No Limit ($0.50/$1.00 USD) - 2025/01/21 5:00:27 WET [2025/01/21 0:00:27 ET]
Table 'Juliet IV' 6-max Seat #5 is the button
Seat 1: ImaPeppaPig ($102.68 in chips) 
Seat 2: Melenya ($169.99 in chips) 
Seat 3: BoyLoc0 ($194 in chips) 
Seat 4: Manifestorr ($119.94 in chips) 
Seat 5: BumHuntKing ($187.01 in chips) 
Seat 6: J2DaMac ($26.89 in chips) 
J2DaMac: posts small blind $0.50
ImaPeppaPig: posts big blind $1
*** HOLE CARDS ***
Melenya: folds 
BoyLoc0: raises $1.50 to $2.50
Manifestorr: folds 
BumHuntKing: folds 
J2DaMac: calls $2
ImaPeppaPig: folds 
*** FLOP *** [7c Ah Td]
J2DaMac: checks 
BoyLoc0: bets $4.28
J2DaMac: folds 
Uncalled bet ($4.28) returned to BoyLoc0
BoyLoc0 collected $5.70 from pot
BoyLoc0: doesn't show hand 
*** SUMMARY ***
Total pot $6 | Rake $0.30 
Board [7c Ah Td]
Seat 1: ImaPeppaPig (big blind) folded before Flop
Seat 2: Melenya folded before Flop (didn't bet)
Seat 3: BoyLoc0 collected ($5.70)
Seat 4: Manifestorr folded before Flop (didn't bet)
Seat 5: BumHuntKing (button) folded before Flop (didn't bet)
Seat 6: J2DaMac (small blind) folded on the Flop



PokerStars Hand #254480410578:  Hold'em No Limit ($0.50/$1.00 USD) - 2025/01/21 5:00:53 WET [2025/01/21 0:00:53 ET]
Table 'Juliet IV' 6-max Seat #6 is the button
Seat 1: ImaPeppaPig ($101.68 in chips) 
Seat 2: Melenya ($169.99 in chips) 
Seat 3: BoyLoc0 ($197.20 in chips) 
Seat 4: Manifestorr ($119.94 in chips) 
Seat 5: BumHuntKing ($187.01 in chips) 
Seat 6: J2DaMac ($24.39 in chips) 
ImaPeppaPig: posts small blind $0.50
Melenya: posts big blind $1
*** HOLE CARDS ***
BoyLoc0: folds 
Manifestorr: folds 
BumHuntKing: folds 
J2DaMac: raises $4 to $5
ImaPeppaPig: folds 
Melenya: folds 
Uncalled bet ($4) returned to J2DaMac
J2DaMac collected $2.50 from pot
J2DaMac: doesn't show hand 
*** SUMMARY ***
Total pot $2.50 | Rake $0 
Seat 1: ImaPeppaPig (small blind) folded before Flop
Seat 2: Melenya (big blind) folded before Flop
Seat 3: BoyLoc0 folded before Flop (didn't bet)
Seat 4: Manifestorr folded before Flop (didn't bet)
Seat 5: BumHuntKing folded before Flop (didn't bet)
Seat 6: J2DaMac (button) collected ($2.50)



PokerStars Hand #254480411894:  Hold'em No Limit ($0.50/$1.00 USD) - 2025/01/21 5:01:09 WET [2025/01/21 0:01:09 ET]
Table 'Juliet IV' 6-max Seat #1 is the button
Seat 1: ImaPeppaPig ($101.18 in chips) 
Seat 2: Melenya ($168.99 in chips) 
Seat 3: BoyLoc0 ($197.20 in chips) 
Seat 4: Manifestorr ($119.94 in chips) 
Seat 5: BumHuntKing ($187.01 in chips) 
Seat 6: J2DaMac ($25.89 in chips) 
Melenya: posts small blind $0.50
BoyLoc0: posts big blind $1
*** HOLE CARDS ***
Manifestorr: raises $1.20 to $2.20
BumHuntKing: folds 
J2DaMac: folds 
ImaPeppaPig: folds 
Melenya: folds 
BoyLoc0: folds 
Uncalled bet ($1.20) returned to Manifestorr
Manifestorr collected $2.50 from pot
*** SUMMARY ***
Total pot $2.50 | Rake $0 
Seat 1: ImaPeppaPig (button) folded before Flop (didn't bet)
Seat 2: Melenya (small blind) folded before Flop
Seat 3: BoyLoc0 (big blind) folded before Flop
Seat 4: Manifestorr collected ($2.50)
Seat 5: BumHuntKing folded before Flop (didn't bet)
Seat 6: J2DaMac folded before Flop (didn't bet)



PokerStars Hand #254480412691:  Hold'em No Limit ($0.50/$1.00 USD) - 2025/01/21 5:01:20 WET [2025/01/21 0:01:20 ET]
Table 'Juliet IV' 6-max Seat #2 is the button
Seat 1: ImaPeppaPig ($101.18 in chips) 
Seat 2: Melenya ($168.49 in chips) 
Seat 3: BoyLoc0 ($196.20 in chips) 
Seat 4: Manifestorr ($121.44 in chips) 
Seat 5: BumHuntKing ($187.01 in chips) 
Seat 6: J2DaMac ($25.89 in chips) 
BoyLoc0: posts small blind $0.50
Manifestorr: posts big blind $1
*** HOLE CARDS ***
BumHuntKing: raises $1.20 to $2.20
J2DaMac: folds 
ImaPeppaPig: folds 
Melenya: folds 
BoyLoc0: folds 
Manifestorr: folds 
Uncalled bet ($1.20) returned to BumHuntKing
BumHuntKing collected $2.50 from pot
BumHuntKing: doesn't show hand 
*** SUMMARY ***
Total pot $2.50 | Rake $0 
Seat 1: ImaPeppaPig folded before Flop (didn't bet)
Seat 2: Melenya (button) folded before Flop (didn't bet)
Seat 3: BoyLoc0 (small blind) folded before Flop
Seat 4: Manifestorr (big blind) folded before Flop
Seat 5: BumHuntKing collected ($2.50)
Seat 6: J2DaMac folded before Flop (didn't bet)



PokerStars Hand #254480414820:  Hold'em No Limit ($0.50/$1.00 USD) - 2025/01/21 5:01:46 WET [2025/01/21 0:01:46 ET]
Table 'Juliet IV' 6-max Seat #3 is the button
Seat 1: ImaPeppaPig ($101.18 in chips) 
Seat 2: Melenya ($168.49 in chips) 
Seat 3: BoyLoc0 ($195.70 in chips) 
Seat 4: Manifestorr ($120.44 in chips) 
Seat 5: BumHuntKing ($188.51 in chips) 
Seat 6: J2DaMac ($25.89 in chips) 
Manifestorr: posts small blind $0.50
BumHuntKing: posts big blind $1
*** HOLE CARDS ***
J2DaMac: calls $1
ImaPeppaPig: folds 
Melenya: raises $2.50 to $3.50
BoyLoc0: raises $5.50 to $9
Manifestorr: raises $14 to $23
BumHuntKing: folds 
J2DaMac: folds 
Melenya: folds 
BoyLoc0: calls $14
*** FLOP *** [2c 8d 8s]
Manifestorr: checks 
BoyLoc0: checks 
*** TURN *** [2c 8d 8s] [7d]
Manifestorr: checks 
BoyLoc0: bets $16.17
Manifestorr: folds 
Uncalled bet ($16.17) returned to BoyLoc0
BoyLoc0 collected $49 from pot
BoyLoc0: doesn't show hand 
*** SUMMARY ***
Total pot $51.50 | Rake $2.50 
Board [2c 8d 8s 7d]
Seat 1: ImaPeppaPig folded before Flop (didn't bet)
Seat 2: Melenya folded before Flop
Seat 3: BoyLoc0 (button) collected ($49)
Seat 4: Manifestorr (small blind) folded on the Turn
Seat 5: BumHuntKing (big blind) folded before Flop
Seat 6: J2DaMac folded before Flop



PokerStars Hand #254480418757:  Hold'em No Limit ($0.50/$1.00 USD) - 2025/01/21 5:02:35 WET [2025/01/21 0:02:35 ET]
Table 'Juliet IV' 6-max Seat #4 is the button
Seat 1: ImaPeppaPig ($101.18 in chips) 
Seat 2: Melenya ($164.99 in chips) 
Seat 3: BoyLoc0 ($221.70 in chips) 
Seat 4: Manifestorr ($100 in chips) 
Seat 5: BumHuntKing ($187.51 in chips) 
Seat 6: J2DaMac ($24.89 in chips) 
BumHuntKing: posts small blind $0.50
J2DaMac: posts big blind $1
*** HOLE CARDS ***
ImaPeppaPig: folds 
Melenya: raises $1.50 to $2.50
BoyLoc0: folds 
Manifestorr: folds 
BumHuntKing: folds 
J2DaMac: calls $1.50
*** FLOP *** [Qd Ts 5h]
J2DaMac: checks 
Melenya: bets $1.30
J2DaMac: calls $1.30
*** TURN *** [Qd Ts 5h] [9h]
J2DaMac: checks 
Melenya: bets $2.31
J2DaMac: folds 
Uncalled bet ($2.31) returned to Melenya
Melenya collected $7.70 from pot
Melenya: doesn't show hand 
*** SUMMARY ***
Total pot $8.10 | Rake $0.40 
Board [Qd Ts 5h 9h]
Seat 1: ImaPeppaPig folded before Flop (didn't bet)
Seat 2: Melenya collected ($7.70)
Seat 3: BoyLoc0 folded before Flop (didn't bet)
Seat 4: Manifestorr (button) folded before Flop (didn't bet)
Seat 5: BumHuntKing (small blind) folded before Flop
Seat 6: J2DaMac (big blind) folded on the Turn



PokerStars Hand #254480421504:  Hold'em No Limit ($0.50/$1.00 USD) - 2025/01/21 5:03:08 WET [2025/01/21 0:03:08 ET]
Table 'Juliet IV' 6-max Seat #5 is the button
Seat 1: ImaPeppaPig ($101.18 in chips) 
Seat 2: Melenya ($168.89 in chips) 
Seat 3: BoyLoc0 ($221.70 in chips) 
Seat 4: Manifestorr ($100 in chips) 
Seat 5: BumHuntKing ($187.01 in chips) 
Seat 6: J2DaMac ($21.09 in chips) 
J2DaMac: posts small blind $0.50
ImaPeppaPig: posts big blind $1
*** HOLE CARDS ***
Melenya: folds 
BoyLoc0: folds 
Manifestorr: folds 
BumHuntKing: raises $1.50 to $2.50
J2DaMac: calls $2
ImaPeppaPig: folds 
*** FLOP *** [5d Kc 6d]
J2DaMac: checks 
BumHuntKing: bets $1.88
J2DaMac: calls $1.88
*** TURN *** [5d Kc 6d] [Ts]
J2DaMac: bets $4.64
BumHuntKing: calls $4.64
*** RIVER *** [5d Kc 6d Ts] [2h]
J2DaMac: bets $12.07 and is all-in
BumHuntKing: calls $12.07
*** SHOW DOWN ***
J2DaMac: shows [9c Jd] (high card King)
BumHuntKing: shows [Js Ah] (high card Ace)
BumHuntKing collected $41.02 from pot
*** SUMMARY ***
Total pot $43.18 | Rake $2.16 
Board [5d Kc 6d Ts 2h]
Seat 1: ImaPeppaPig (big blind) folded before Flop
Seat 2: Melenya folded before Flop (didn't bet)
Seat 3: BoyLoc0 folded before Flop (didn't bet)
Seat 4: Manifestorr folded before Flop (didn't bet)
Seat 5: BumHuntKing (button) showed [Js Ah] and won ($41.02) with high card Ace
Seat 6: J2DaMac (small blind) showed [9c Jd] and lost with high card King



PokerStars Hand #254480427950:  Hold'em No Limit ($0.50/$1.00 USD) - 2025/01/21 5:04:28 WET [2025/01/21 0:04:28 ET]
Table 'Juliet IV' 6-max Seat #1 is the button
Seat 6: J2DaMac ($0 in chips) is sitting out
Seat 1: ImaPeppaPig ($100.18 in chips) 
Seat 2: Melenya ($168.89 in chips) 
Seat 3: BoyLoc0 ($221.70 in chips) 
Seat 4: Manifestorr ($100 in chips) 
Seat 5: BumHuntKing ($206.94 in chips) 
Melenya: posts small blind $0.50
BoyLoc0: posts big blind $1
*** HOLE CARDS ***
Manifestorr: folds 
BumHuntKing: folds 
ImaPeppaPig: raises $1.50 to $2.50
Melenya: folds 
BoyLoc0: folds 
Uncalled bet ($1.50) returned to ImaPeppaPig
ImaPeppaPig collected $2.50 from pot
ImaPeppaPig: doesn't show hand 
*** SUMMARY ***
Total pot $2.50 | Rake $0 
Seat 6: J2DaMac
Seat 1: ImaPeppaPig (button) collected ($2.50)
Seat 2: Melenya (small blind) folded before Flop
Seat 3: BoyLoc0 (big blind) folded before Flop
Seat 4: Manifestorr folded before Flop (didn't bet)
Seat 5: BumHuntKing folded before Flop (didn't bet)



PokerStars Hand #254480428884:  Hold'em No Limit ($0.50/$1.00 USD) - 2025/01/21 5:04:40 WET [2025/01/21 0:04:40 ET]
Table 'Juliet IV' 6-max Seat #2 is the button
Seat 6: J2DaMac ($0 in chips) is sitting out
Seat 1: ImaPeppaPig ($101.68 in chips) 
Seat 2: Melenya ($168.39 in chips) 
Seat 3: BoyLoc0 ($220.70 in chips) 
Seat 4: Manifestorr ($100 in chips) 
Seat 5: BumHuntKing ($206.94 in chips) 
BoyLoc0: posts small blind $0.50
Manifestorr: posts big blind $1
*** HOLE CARDS ***
BumHuntKing: folds 
ImaPeppaPig: folds 
Melenya: raises $1.50 to $2.50
BoyLoc0: folds 
Manifestorr: folds 
Uncalled bet ($1.50) returned to Melenya
Melenya collected $2.50 from pot
Melenya: doesn't show hand 
*** SUMMARY ***
Total pot $2.50 | Rake $0 
Seat 6: J2DaMac
Seat 1: ImaPeppaPig folded before Flop (didn't bet)
Seat 2: Melenya (button) collected ($2.50)
Seat 3: BoyLoc0 (small blind) folded before Flop
Seat 4: Manifestorr (big blind) folded before Flop
Seat 5: BumHuntKing folded before Flop (didn't bet)



PokerStars Hand #254480430460:  Hold'em No Limit ($0.50/$1.00 USD) - 2025/01/21 5:04:58 WET [2025/01/21 0:04:58 ET]
Table 'Juliet IV' 6-max Seat #3 is the button
Seat 6: J2DaMac ($0 in chips) is sitting out
Seat 1: ImaPeppaPig ($101.68 in chips) 
Seat 2: Melenya ($169.89 in chips) 
Seat 3: BoyLoc0 ($220.20 in chips) 
Seat 4: Manifestorr ($100 in chips) 
Seat 5: BumHuntKing ($206.94 in chips) 
Manifestorr: posts small blind $0.50
BumHuntKing: posts big blind $1
*** HOLE CARDS ***
ImaPeppaPig: folds 
Melenya: raises $1.50 to $2.50
BoyLoc0: folds 
Manifestorr: folds 
BumHuntKing: calls $1.50
*** FLOP *** [4d 5d Kd]
BumHuntKing: checks 
Melenya: bets $1.04
BumHuntKing: calls $1.04
*** TURN *** [4d 5d Kd] [3d]
BumHuntKing: checks 
Melenya: bets $5.40
BumHuntKing: calls $5.40
*** RIVER *** [4d 5d Kd 3d] [Jd]
BumHuntKing: checks 
Melenya: bets $13.10
BumHuntKing: calls $13.10
*** SHOW DOWN ***
Melenya: shows [Qd Ah] (a flush, King high)
BumHuntKing: mucks hand 
Melenya collected $42.35 from pot
*** SUMMARY ***
Total pot $44.58 | Rake $2.23 
Board [4d 5d Kd 3d Jd]
Seat 6: J2DaMac
Seat 1: ImaPeppaPig folded before Flop (didn't bet)
Seat 2: Melenya showed [Qd Ah] and won ($42.35) with a flush, King high
Seat 3: BoyLoc0 (button) folded before Flop (didn't bet)
Seat 4: Manifestorr (small blind) folded before Flop
Seat 5: BumHuntKing (big blind) mucked



PokerStars Hand #254480437297:  Hold'em No Limit ($0.50/$1.00 USD) - 2025/01/21 5:06:20 WET [2025/01/21 0:06:20 ET]
Table 'Juliet IV' 6-max Seat #4 is the button
Seat 1: ImaPeppaPig ($101.68 in chips) 
Seat 2: Melenya ($190.20 in chips) 
Seat 3: BoyLoc0 ($220.20 in chips) 
Seat 4: Manifestorr ($100 in chips) 
Seat 5: BumHuntKing ($184.90 in chips) 
Seat 6: J2DaMac ($100 in chips) 
BumHuntKing: posts small blind $0.50
J2DaMac: posts big blind $1
*** HOLE CARDS ***
ImaPeppaPig: folds 
Melenya: folds 
BoyLoc0: folds 
Manifestorr: folds 
BumHuntKing: raises $2 to $3
J2DaMac: calls $2
*** FLOP *** [Td 8h 7c]
BumHuntKing: bets $1.43
J2DaMac: folds 
Uncalled bet ($1.43) returned to BumHuntKing
BumHuntKing collected $5.70 from pot
BumHuntKing: doesn't show hand 
*** SUMMARY ***
Total pot $6 | Rake $0.30 
Board [Td 8h 7c]
Seat 1: ImaPeppaPig folded before Flop (didn't bet)
Seat 2: Melenya folded before Flop (didn't bet)
Seat 3: BoyLoc0 folded before Flop (didn't bet)
Seat 4: Manifestorr (button) folded before Flop (didn't bet)
Seat 5: BumHuntKing (small blind) collected ($5.70)
Seat 6: J2DaMac (big blind) folded on the Flop



PokerStars Hand #254480440814:  Hold'em No Limit ($0.50/$1.00 USD) - 2025/01/21 5:07:02 WET [2025/01/21 0:07:02 ET]
Table 'Juliet IV' 6-max Seat #5 is the button
Seat 1: ImaPeppaPig ($101.68 in chips) 
Seat 2: Melenya ($190.20 in chips) 
Seat 3: BoyLoc0 ($220.20 in chips) 
Seat 4: Manifestorr ($100 in chips) 
Seat 5: BumHuntKing ($187.60 in chips) 
Seat 6: J2DaMac ($97 in chips) 
J2DaMac: posts small blind $0.50
ImaPeppaPig: posts big blind $1
*** HOLE CARDS ***
Melenya: raises $1.50 to $2.50
BoyLoc0: folds 
Manifestorr: folds 
BumHuntKing: folds 
J2DaMac: folds 
ImaPeppaPig: folds 
Uncalled bet ($1.50) returned to Melenya
Melenya collected $2.50 from pot
Melenya: doesn't show hand 
*** SUMMARY ***
Total pot $2.50 | Rake $0 
Seat 1: ImaPeppaPig (big blind) folded before Flop
Seat 2: Melenya collected ($2.50)
Seat 3: BoyLoc0 folded before Flop (didn't bet)
Seat 4: Manifestorr folded before Flop (didn't bet)
Seat 5: BumHuntKing (button) folded before Flop (didn't bet)
Seat 6: J2DaMac (small blind) folded before Flop



PokerStars Hand #254480442793:  Hold'em No Limit ($0.50/$1.00 USD) - 2025/01/21 5:07:26 WET [2025/01/21 0:07:26 ET]
Table 'Juliet IV' 6-max Seat #6 is the button
Seat 1: ImaPeppaPig ($100.68 in chips) 
Seat 2: Melenya ($191.70 in chips) 
Seat 3: BoyLoc0 ($220.20 in chips) 
Seat 4: Manifestorr ($100 in chips) 
Seat 5: BumHuntKing ($187.60 in chips) 
Seat 6: J2DaMac ($96.50 in chips) 
ImaPeppaPig: posts small blind $0.50
Melenya: posts big blind $1
*** HOLE CARDS ***
BoyLoc0: folds 
Manifestorr: folds 
BumHuntKing: folds 
J2DaMac: raises $4 to $5
ImaPeppaPig: folds 
Melenya: folds 
Uncalled bet ($4) returned to J2DaMac
J2DaMac collected $2.50 from pot
*** SUMMARY ***
Total pot $2.50 | Rake $0 
Seat 1: ImaPeppaPig (small blind) folded before Flop
Seat 2: Melenya (big blind) folded before Flop
Seat 3: BoyLoc0 folded before Flop (didn't bet)
Seat 4: Manifestorr folded before Flop (didn't bet)
Seat 5: BumHuntKing folded before Flop (didn't bet)
Seat 6: J2DaMac (button) collected ($2.50)



PokerStars Hand #254480444487:  Hold'em No Limit ($0.50/$1.00 USD) - 2025/01/21 5:07:46 WET [2025/01/21 0:07:46 ET]
Table 'Juliet IV' 6-max Seat #1 is the button
Seat 1: ImaPeppaPig ($100.18 in chips) 
Seat 2: Melenya ($190.70 in chips) 
Seat 3: BoyLoc0 ($220.20 in chips) 
Seat 4: Manifestorr ($100 in chips) 
Seat 5: BumHuntKing ($187.60 in chips) 
Seat 6: J2DaMac ($98 in chips) 
Melenya: posts small blind $0.50
BoyLoc0: posts big blind $1
*** HOLE CARDS ***
Manifestorr: folds 
BumHuntKing: folds 
J2DaMac: folds 
ImaPeppaPig: folds 
Melenya: raises $2 to $3
BoyLoc0: folds 
Uncalled bet ($2) returned to Melenya
Melenya collected $2 from pot
Melenya: doesn't show hand 
*** SUMMARY ***
Total pot $2 | Rake $0 
Seat 1: ImaPeppaPig (button) folded before Flop (didn't bet)
Seat 2: Melenya (small blind) collected ($2)
Seat 3: BoyLoc0 (big blind) folded before Flop
Seat 4: Manifestorr folded before Flop (didn't bet)
Seat 5: BumHuntKing folded before Flop (didn't bet)
Seat 6: J2DaMac folded before Flop (didn't bet)



PokerStars Hand #254480445560:  Hold'em No Limit ($0.50/$1.00 USD) - 2025/01/21 5:07:59 WET [2025/01/21 0:07:59 ET]
Table 'Juliet IV' 6-max Seat #2 is the button
Seat 4: Manifestorr ($100 in chips) is sitting out
Seat 1: ImaPeppaPig ($100.18 in chips) 
Seat 2: Melenya ($191.70 in chips) 
Seat 3: BoyLoc0 ($219.20 in chips) 
Seat 5: BumHuntKing ($187.60 in chips) 
Seat 6: J2DaMac ($98 in chips) 
BoyLoc0: posts small blind $0.50
Manifestorr: is sitting out 
BumHuntKing: posts big blind $1
*** HOLE CARDS ***
J2DaMac: folds 
ImaPeppaPig: folds 
Melenya: folds 
BoyLoc0: raises $2 to $3
Manifestorr leaves the table
BumHuntKing: calls $2
*** FLOP *** [7s 4c Jc]
BoyLoc0: bets $1.88
BumHuntKing: calls $1.88
*** TURN *** [7s 4c Jc] [8s]
Xenicide joins the table at seat #4 
BoyLoc0: checks 
BumHuntKing: bets $9.27
BoyLoc0: raises $20.86 to $30.13
BumHuntKing: calls $20.86
*** RIVER *** [7s 4c Jc 8s] [Qd]
BoyLoc0: checks 
BumHuntKing: checks 
*** SHOW DOWN ***
BoyLoc0: shows [Ks 6s] (high card King)
BumHuntKing: shows [Js 3s] (a pair of Jacks)
BumHuntKing collected $67.52 from pot
*** SUMMARY ***
Total pot $70.02 | Rake $2.50 
Board [7s 4c Jc 8s Qd]
Seat 4: Manifestorr
Seat 1: ImaPeppaPig folded before Flop (didn't bet)
Seat 2: Melenya (button) folded before Flop (didn't bet)
Seat 3: BoyLoc0 (small blind) showed [Ks 6s] and lost with high card King
Seat 5: BumHuntKing (big blind) showed [Js 3s] and won ($67.52) with a pair of Jacks
Seat 6: J2DaMac folded before Flop (didn't bet)



PokerStars Hand #254480450422:  Hold'em No Limit ($0.50/$1.00 USD) - 2025/01/21 5:08:58 WET [2025/01/21 0:08:58 ET]
Table 'Juliet IV' 6-max Seat #3 is the button
Seat 4: Xenicide ($124.70 in chips) is sitting out
Seat 1: ImaPeppaPig ($100.18 in chips) 
Seat 2: Melenya ($191.70 in chips) 
Seat 3: BoyLoc0 ($184.19 in chips) 
Seat 5: BumHuntKing ($220.11 in chips) 
Seat 6: J2DaMac ($98 in chips) 
BumHuntKing: posts small blind $0.50
J2DaMac: posts big blind $1
*** HOLE CARDS ***
ImaPeppaPig: folds 
Melenya: raises $1.50 to $2.50
BoyLoc0: folds 
BumHuntKing: folds 
J2DaMac: calls $1.50
*** FLOP *** [8h 4c 7c]
J2DaMac: checks 
Melenya: bets $1.30
J2DaMac: calls $1.30
*** TURN *** [8h 4c 7c] [8d]
J2DaMac: checks 
Melenya: checks 
*** RIVER *** [8h 4c 7c 8d] [Kh]
J2DaMac: checks 
Melenya: bets $7
J2DaMac: calls $7
*** SHOW DOWN ***
Melenya: shows [Kd Th] (two pair, Kings and Eights)
J2DaMac: mucks hand 
Melenya collected $21 from pot
*** SUMMARY ***
Total pot $22.10 | Rake $1.10 
Board [8h 4c 7c 8d Kh]
Seat 4: Xenicide
Seat 1: ImaPeppaPig folded before Flop (didn't bet)
Seat 2: Melenya showed [Kd Th] and won ($21) with two pair, Kings and Eights
Seat 3: BoyLoc0 (button) folded before Flop (didn't bet)
Seat 5: BumHuntKing (small blind) folded before Flop
Seat 6: J2DaMac (big blind) mucked



PokerStars Hand #254480455106:  Hold'em No Limit ($0.50/$1.00 USD) - 2025/01/21 5:09:54 WET [2025/01/21 0:09:54 ET]
Table 'Juliet IV' 6-max Seat #5 is the button
Seat 4: Xenicide ($124.70 in chips) is sitting out
Seat 1: ImaPeppaPig ($100.18 in chips) 
Seat 2: Melenya ($201.90 in chips) 
Seat 3: BoyLoc0 ($184.19 in chips) 
Seat 5: BumHuntKing ($219.61 in chips) 
Seat 6: J2DaMac ($87.20 in chips) 
J2DaMac: posts small blind $0.50
ImaPeppaPig: posts big blind $1
Xenicide: sits out 
*** HOLE CARDS ***
Melenya: raises $1.50 to $2.50
BoyLoc0: folds 
BumHuntKing: folds 
J2DaMac: calls $2
ImaPeppaPig: calls $1.50
*** FLOP *** [9d 2h 8h]
J2DaMac: checks 
ImaPeppaPig: checks 
Melenya: checks 
*** TURN *** [9d 2h 8h] [6s]
J2DaMac: checks 
ImaPeppaPig: bets $5.41
Melenya: folds 
J2DaMac: raises $9.59 to $15
ImaPeppaPig: folds 
Uncalled bet ($9.59) returned to J2DaMac
J2DaMac collected $17.40 from pot
*** SUMMARY ***
Total pot $18.32 | Rake $0.92 
Board [9d 2h 8h 6s]
Seat 4: Xenicide
Seat 1: ImaPeppaPig (big blind) folded on the Turn
Seat 2: Melenya folded on the Turn
Seat 3: BoyLoc0 folded before Flop (didn't bet)
Seat 5: BumHuntKing (button) folded before Flop (didn't bet)
Seat 6: J2DaMac (small blind) collected ($17.40)



PokerStars Hand #254480459681:  Hold'em No Limit ($0.50/$1.00 USD) - 2025/01/21 5:10:49 WET [2025/01/21 0:10:49 ET]
Table 'Juliet IV' 6-max Seat #6 is the button
Seat 4: Xenicide ($124.70 in chips) is sitting out
Seat 1: ImaPeppaPig ($100 in chips) 
Seat 2: Melenya ($199.40 in chips) 
Seat 3: BoyLoc0 ($184.19 in chips) 
Seat 5: BumHuntKing ($219.61 in chips) 
Seat 6: J2DaMac ($96.69 in chips) 
ImaPeppaPig: posts small blind $0.50
Melenya: posts big blind $1
Xenicide: sits out 
*** HOLE CARDS ***
BoyLoc0: folds 
BumHuntKing: folds 
J2DaMac: calls $1
ImaPeppaPig: folds 
Melenya: checks 
*** FLOP *** [Kh Qc 4s]
Melenya: checks 
J2DaMac: bets $2
Melenya: folds 
Uncalled bet ($2) returned to J2DaMac
J2DaMac collected $2.38 from pot
*** SUMMARY ***
Total pot $2.50 | Rake $0.12 
Board [Kh Qc 4s]
Seat 4: Xenicide
Seat 1: ImaPeppaPig (small blind) folded before Flop
Seat 2: Melenya (big blind) folded on the Flop
Seat 3: BoyLoc0 folded before Flop (didn't bet)
Seat 5: BumHuntKing folded before Flop (didn't bet)
Seat 6: J2DaMac (button) collected ($2.38)



PokerStars Hand #254480462577:  Hold'em No Limit ($0.50/$1.00 USD) - 2025/01/21 5:11:25 WET [2025/01/21 0:11:25 ET]
Table 'Juliet IV' 6-max Seat #1 is the button
Seat 4: Xenicide ($124.70 in chips) is sitting out
Seat 1: ImaPeppaPig ($100 in chips) 
Seat 2: Melenya ($198.40 in chips) 
Seat 3: BoyLoc0 ($184.19 in chips) 
Seat 5: BumHuntKing ($219.61 in chips) 
Seat 6: J2DaMac ($98.07 in chips) 
Melenya: posts small blind $0.50
BoyLoc0: posts big blind $1
Xenicide: sits out 
*** HOLE CARDS ***
BumHuntKing: folds 
J2DaMac: calls $1
ImaPeppaPig: folds 
Melenya: folds 
BoyLoc0: checks 
*** FLOP *** [Qc 3c 7s]
BoyLoc0: checks 
J2DaMac: checks 
*** TURN *** [Qc 3c 7s] [9d]
BoyLoc0: checks 
J2DaMac: checks 
*** RIVER *** [Qc 3c 7s 9d] [4c]
BoyLoc0: checks 
J2DaMac: checks 
*** SHOW DOWN ***
BoyLoc0: shows [2d Jc] (high card Queen)
J2DaMac: shows [8h Jd] (high card Queen - Jack+Nine+Eight kicker)
J2DaMac collected $2.38 from pot
*** SUMMARY ***
Total pot $2.50 | Rake $0.12 
Board [Qc 3c 7s 9d 4c]
Seat 4: Xenicide
Seat 1: ImaPeppaPig (button) folded before Flop (didn't bet)
Seat 2: Melenya (small blind) folded before Flop
Seat 3: BoyLoc0 (big blind) showed [2d Jc] and lost with high card Queen
Seat 5: BumHuntKing folded before Flop (didn't bet)
Seat 6: J2DaMac showed [8h Jd] and won ($2.38) with high card Queen



PokerStars Hand #254480465008:  Hold'em No Limit ($0.50/$1.00 USD) - 2025/01/21 5:11:55 WET [2025/01/21 0:11:55 ET]
Table 'Juliet IV' 6-max Seat #2 is the button
Seat 1: ImaPeppaPig ($100 in chips) 
Seat 2: Melenya ($197.90 in chips) 
Seat 3: BoyLoc0 ($183.19 in chips) 
Seat 4: Xenicide ($124.70 in chips) 
Seat 5: BumHuntKing ($219.61 in chips) 
Seat 6: J2DaMac ($99.45 in chips) 
BoyLoc0: posts small blind $0.50
Xenicide: posts big blind $1
*** HOLE CARDS ***
BumHuntKing: folds 
J2DaMac: calls $1
ImaPeppaPig: folds 
Melenya: folds 
BoyLoc0: raises $4 to $5
Xenicide: folds 
J2DaMac: calls $4
*** FLOP *** [8h 8s Qd]
BoyLoc0: checks 
J2DaMac: bets $3
BoyLoc0: folds 
Uncalled bet ($3) returned to J2DaMac
J2DaMac collected $10.45 from pot
*** SUMMARY ***
Total pot $11 | Rake $0.55 
Board [8h 8s Qd]
Seat 1: ImaPeppaPig folded before Flop (didn't bet)
Seat 2: Melenya (button) folded before Flop (didn't bet)
Seat 3: BoyLoc0 (small blind) folded on the Flop
Seat 4: Xenicide (big blind) folded before Flop
Seat 5: BumHuntKing folded before Flop (didn't bet)
Seat 6: J2DaMac collected ($10.45)



PokerStars Hand #254480467457:  Hold'em No Limit ($0.50/$1.00 USD) - 2025/01/21 5:12:25 WET [2025/01/21 0:12:25 ET]
Table 'Juliet IV' 6-max Seat #3 is the button
Seat 1: ImaPeppaPig ($100 in chips) 
Seat 2: Melenya ($197.90 in chips) 
Seat 3: BoyLoc0 ($178.19 in chips) 
Seat 4: Xenicide ($123.70 in chips) 
Seat 5: BumHuntKing ($219.61 in chips) 
Seat 6: J2DaMac ($104.90 in chips) 
Xenicide: posts small blind $0.50
BumHuntKing: posts big blind $1
*** HOLE CARDS ***
J2DaMac: calls $1
ImaPeppaPig: folds 
Melenya: raises $2.50 to $3.50
BoyLoc0: folds 
Xenicide: folds 
BumHuntKing: folds 
J2DaMac: calls $2.50
*** FLOP *** [2s Ts Ac]
J2DaMac: checks 
Melenya: bets $2.02
J2DaMac: folds 
Uncalled bet ($2.02) returned to Melenya
Melenya collected $8.08 from pot
Melenya: doesn't show hand 
*** SUMMARY ***
Total pot $8.50 | Rake $0.42 
Board [2s Ts Ac]
Seat 1: ImaPeppaPig folded before Flop (didn't bet)
Seat 2: Melenya collected ($8.08)
Seat 3: BoyLoc0 (button) folded before Flop (didn't bet)
Seat 4: Xenicide (small blind) folded before Flop
Seat 5: BumHuntKing (big blind) folded before Flop
Seat 6: J2DaMac folded on the Flop



PokerStars Hand #254480469853:  Hold'em No Limit ($0.50/$1.00 USD) - 2025/01/21 5:12:54 WET [2025/01/21 0:12:54 ET]
Table 'Juliet IV' 6-max Seat #4 is the button
Seat 1: ImaPeppaPig ($100 in chips) 
Seat 2: Melenya ($202.48 in chips) 
Seat 3: BoyLoc0 ($178.19 in chips) 
Seat 4: Xenicide ($123.20 in chips) 
Seat 5: BumHuntKing ($218.61 in chips) 
Seat 6: J2DaMac ($101.40 in chips) 
BumHuntKing: posts small blind $0.50
J2DaMac: posts big blind $1
*** HOLE CARDS ***
ImaPeppaPig: folds 
Melenya: folds 
BoyLoc0: folds 
Xenicide: folds 
BumHuntKing: folds 
Uncalled bet ($0.50) returned to J2DaMac
J2DaMac collected $1 from pot
*** SUMMARY ***
Total pot $1 | Rake $0 
Seat 1: ImaPeppaPig folded before Flop (didn't bet)
Seat 2: Melenya folded before Flop (didn't bet)
Seat 3: BoyLoc0 folded before Flop (didn't bet)
Seat 4: Xenicide (button) folded before Flop (didn't bet)
Seat 5: BumHuntKing (small blind) folded before Flop
Seat 6: J2DaMac (big blind) collected ($1)



PokerStars Hand #254480471867:  Hold'em No Limit ($0.50/$1.00 USD) - 2025/01/21 5:13:19 WET [2025/01/21 0:13:19 ET]
Table 'Juliet IV' 6-max Seat #5 is the button
Seat 1: ImaPeppaPig ($100 in chips) 
Seat 2: Melenya ($202.48 in chips) 
Seat 3: BoyLoc0 ($178.19 in chips) 
Seat 4: Xenicide ($123.20 in chips) 
Seat 5: BumHuntKing ($218.11 in chips) 
Seat 6: J2DaMac ($101.90 in chips) 
J2DaMac: posts small blind $0.50
ImaPeppaPig: posts big blind $1
*** HOLE CARDS ***
Melenya: folds 
BoyLoc0: folds 
Xenicide: folds 
BumHuntKing: raises $1.50 to $2.50
J2DaMac: raises $2.50 to $5
ImaPeppaPig: raises $13 to $18
BumHuntKing: folds 
J2DaMac: folds 
Uncalled bet ($13) returned to ImaPeppaPig
ImaPeppaPig collected $12.50 from pot
ImaPeppaPig: doesn't show hand 
*** SUMMARY ***
Total pot $12.50 | Rake $0 
Seat 1: ImaPeppaPig (big blind) collected ($12.50)
Seat 2: Melenya folded before Flop (didn't bet)
Seat 3: BoyLoc0 folded before Flop (didn't bet)
Seat 4: Xenicide folded before Flop (didn't bet)
Seat 5: BumHuntKing (button) folded before Flop
Seat 6: J2DaMac (small blind) folded before Flop



PokerStars Hand #254480484360:  Hold'em No Limit ($0.50/$1.00 USD) - 2025/01/21 5:15:54 WET [2025/01/21 0:15:54 ET]
Table 'Juliet IV' 6-max Seat #3 is the button
Seat 5: BumHuntKing ($215.61 in chips) is sitting out
Seat 1: ImaPeppaPig ($107 in chips) 
Seat 2: Melenya ($197.41 in chips) 
Seat 3: BoyLoc0 ($213.48 in chips) 
Seat 4: Xenicide ($122.20 in chips) 
Seat 6: J2DaMac ($65.20 in chips) 
Xenicide: posts small blind $0.50
BumHuntKing: is sitting out 
J2DaMac: posts big blind $1
*** HOLE CARDS ***
ImaPeppaPig: folds 
Melenya: folds 
BoyLoc0: folds 
Xenicide: raises $2.50 to $3.50
J2DaMac: calls $2.50
*** FLOP *** [Qd Kd 3s]
Xenicide: checks 
BumHuntKing leaves the table
J2DaMac: checks 
*** TURN *** [Qd Kd 3s] [8s]
Xenicide: bets $8.31
J2DaMac: folds 
Uncalled bet ($8.31) returned to Xenicide
ponchua joins the table at seat #5 
Xenicide collected $6.65 from pot
*** SUMMARY ***
Total pot $7 | Rake $0.35 
Board [Qd Kd 3s 8s]
Seat 5: BumHuntKing
Seat 1: ImaPeppaPig folded before Flop (didn't bet)
Seat 2: Melenya folded before Flop (didn't bet)
Seat 3: BoyLoc0 (button) folded before Flop (didn't bet)
Seat 4: Xenicide (small blind) collected ($6.65)
Seat 6: J2DaMac (big blind) folded on the Turn



PokerStars Hand #254480489902:  Hold'em No Limit ($0.50/$1.00 USD) - 2025/01/21 5:17:02 WET [2025/01/21 0:17:02 ET]
Table 'Juliet IV' 6-max Seat #4 is the button
Seat 5: ponchua ($100 in chips) is sitting out
Seat 1: ImaPeppaPig ($107 in chips) 
Seat 2: Melenya ($197.41 in chips) 
Seat 3: BoyLoc0 ($213.48 in chips) 
Seat 4: Xenicide ($125.35 in chips) 
Seat 6: J2DaMac ($61.70 in chips) 
J2DaMac: posts small blind $0.50
ImaPeppaPig: posts big blind $1
*** HOLE CARDS ***
Melenya: folds 
BoyLoc0: folds 
Xenicide: folds 
J2DaMac: raises $4 to $5
ImaPeppaPig: folds 
Uncalled bet ($4) returned to J2DaMac
J2DaMac collected $2 from pot
*** SUMMARY ***
Total pot $2 | Rake $0 
Seat 5: ponchua
Seat 1: ImaPeppaPig (big blind) folded before Flop
Seat 2: Melenya folded before Flop (didn't bet)
Seat 3: BoyLoc0 folded before Flop (didn't bet)
Seat 4: Xenicide (button) folded before Flop (didn't bet)
Seat 6: J2DaMac (small blind) collected ($2)



PokerStars Hand #254480491106:  Hold'em No Limit ($0.50/$1.00 USD) - 2025/01/21 5:17:18 WET [2025/01/21 0:17:18 ET]
Table 'Juliet IV' 6-max Seat #6 is the button
Seat 5: ponchua ($100 in chips) is sitting out
Seat 1: ImaPeppaPig ($106 in chips) 
Seat 2: Melenya ($197.41 in chips) 
Seat 3: BoyLoc0 ($213.48 in chips) 
Seat 4: Xenicide ($125.35 in chips) 
Seat 6: J2DaMac ($62.70 in chips) 
ImaPeppaPig: posts small blind $0.50
Melenya: posts big blind $1
ponchua: sits out 
*** HOLE CARDS ***
BoyLoc0: folds 
Xenicide: raises $1 to $2
J2DaMac: calls $2
ImaPeppaPig: folds 
Melenya: folds 
*** FLOP *** [7s Qc Ah]
Xenicide: checks 
J2DaMac: bets $5
Xenicide: calls $5
*** TURN *** [7s Qc Ah] [Th]
Xenicide: checks 
J2DaMac: bets $10
Xenicide: calls $10
*** RIVER *** [7s Qc Ah Th] [6d]
Xenicide: checks 
J2DaMac: checks 
*** SHOW DOWN ***
Xenicide: shows [Jh 7h] (a pair of Sevens)
J2DaMac: mucks hand 
Xenicide collected $33.72 from pot
*** SUMMARY ***
Total pot $35.50 | Rake $1.78 
Board [7s Qc Ah Th 6d]
Seat 5: ponchua
Seat 1: ImaPeppaPig (small blind) folded before Flop
Seat 2: Melenya (big blind) folded before Flop
Seat 3: BoyLoc0 folded before Flop (didn't bet)
Seat 4: Xenicide showed [Jh 7h] and won ($33.72) with a pair of Sevens
Seat 6: J2DaMac (button) mucked



PokerStars Hand #254480498348:  Hold'em No Limit ($0.50/$1.00 USD) - 2025/01/21 5:18:49 WET [2025/01/21 0:18:49 ET]
Table 'Juliet IV' 6-max Seat #1 is the button
Seat 5: ponchua ($100 in chips) is sitting out
Seat 1: ImaPeppaPig ($105.50 in chips) 
Seat 2: Melenya ($196.41 in chips) 
Seat 3: BoyLoc0 ($213.48 in chips) 
Seat 4: Xenicide ($142.07 in chips) 
Seat 6: J2DaMac ($45.70 in chips) 
Melenya: posts small blind $0.50
BoyLoc0: posts big blind $1
ponchua: sits out 
*** HOLE CARDS ***
Xenicide: folds 
J2DaMac: raises $1 to $2
ImaPeppaPig: raises $2 to $4
Melenya: folds 
BoyLoc0: folds 
J2DaMac: raises $4 to $8
ImaPeppaPig: calls $4
*** FLOP *** [8c 5c 9c]
J2DaMac: bets $10
ImaPeppaPig: folds 
Uncalled bet ($10) returned to J2DaMac
J2DaMac collected $16.62 from pot
*** SUMMARY ***
Total pot $17.50 | Rake $0.88 
Board [8c 5c 9c]
Seat 5: ponchua
Seat 1: ImaPeppaPig (button) folded on the Flop
Seat 2: Melenya (small blind) folded before Flop
Seat 3: BoyLoc0 (big blind) folded before Flop
Seat 4: Xenicide folded before Flop (didn't bet)
Seat 6: J2DaMac collected ($16.62)



PokerStars Hand #254480502012:  Hold'em No Limit ($0.50/$1.00 USD) - 2025/01/21 5:19:35 WET [2025/01/21 0:19:35 ET]
Table 'Juliet IV' 6-max Seat #2 is the button
Seat 5: ponchua ($100 in chips) is sitting out
Seat 1: ImaPeppaPig ($100 in chips) 
Seat 2: Melenya ($195.91 in chips) 
Seat 3: BoyLoc0 ($212.48 in chips) 
Seat 4: Xenicide ($142.07 in chips) 
Seat 6: J2DaMac ($54.32 in chips) 
BoyLoc0: posts small blind $0.50
Xenicide: posts big blind $1
ponchua: sits out 
*** HOLE CARDS ***
J2DaMac: raises $3 to $4
ImaPeppaPig: raises $11 to $15
Melenya: folds 
BoyLoc0: folds 
Xenicide: folds 
J2DaMac: raises $39.32 to $54.32 and is all-in
ImaPeppaPig: calls $39.32
*** FLOP *** [7s 8s Th]
*** TURN *** [7s 8s Th] [5h]
*** RIVER *** [7s 8s Th 5h] [9c]
*** SHOW DOWN ***
J2DaMac: shows [As Qs] (high card Ace)
ImaPeppaPig: shows [Jh Jd] (a straight, Seven to Jack)
ImaPeppaPig collected $107.64 from pot
*** SUMMARY ***
Total pot $110.14 | Rake $2.50 
Board [7s 8s Th 5h 9c]
Seat 5: ponchua
Seat 1: ImaPeppaPig showed [Jh Jd] and won ($107.64) with a straight, Seven to Jack
Seat 2: Melenya (button) folded before Flop (didn't bet)
Seat 3: BoyLoc0 (small blind) folded before Flop
Seat 4: Xenicide (big blind) folded before Flop
Seat 6: J2DaMac showed [As Qs] and lost with high card Ace



PokerStars Hand #254480504458:  Hold'em No Limit ($0.50/$1.00 USD) - 2025/01/21 5:20:06 WET [2025/01/21 0:20:06 ET]
Table 'Juliet IV' 6-max Seat #3 is the button
Seat 6: J2DaMac ($0 in chips) is sitting out
Seat 1: ImaPeppaPig ($153.32 in chips) 
Seat 2: Melenya ($195.91 in chips) 
Seat 3: BoyLoc0 ($211.98 in chips) 
Seat 4: Xenicide ($141.07 in chips) 
Seat 5: ponchua ($100 in chips) 
Xenicide: posts small blind $0.50
ponchua: posts big blind $1
*** HOLE CARDS ***
ImaPeppaPig: folds 
Melenya: folds 
BoyLoc0: raises $1.50 to $2.50
Xenicide: folds 
ponchua: calls $1.50
*** FLOP *** [Jc Qh 2h]
ponchua: checks 
J2DaMac leaves the table
BoyLoc0: bets $1.72
ponchua: calls $1.72
*** TURN *** [Jc Qh 2h] [4s]
ponchua: checks 
BoyLoc0: bets $12.74
ponchua: calls $12.74
*** RIVER *** [Jc Qh 2h 4s] [5s]
ponchua: checks 
BoyLoc0: checks 
*** SHOW DOWN ***
ponchua: shows [Js 6s] (a pair of Jacks)
BoyLoc0: mucks hand 
ponchua collected $32.70 from pot
*** SUMMARY ***
Total pot $34.42 | Rake $1.72 
Board [Jc Qh 2h 4s 5s]
Seat 6: J2DaMac
Seat 1: ImaPeppaPig folded before Flop (didn't bet)
Seat 2: Melenya folded before Flop (didn't bet)
Seat 3: BoyLoc0 (button) mucked
Seat 4: Xenicide (small blind) folded before Flop
Seat 5: ponchua (big blind) showed [Js 6s] and won ($32.70) with a pair of Jacks



PokerStars Hand #254480508865:  Hold'em No Limit ($0.50/$1.00 USD) - 2025/01/21 5:21:01 WET [2025/01/21 0:21:01 ET]
Table 'Juliet IV' 6-max Seat #4 is the button
Seat 1: ImaPeppaPig ($153.32 in chips) 
Seat 2: Melenya ($195.91 in chips) 
Seat 3: BoyLoc0 ($195.02 in chips) 
Seat 4: Xenicide ($140.57 in chips) 
Seat 5: ponchua ($115.74 in chips) 
ponchua: posts small blind $0.50
ImaPeppaPig: posts big blind $1
*** HOLE CARDS ***
Melenya: folds 
BoyLoc0: folds 
Xenicide: folds 
ponchua: folds 
Uncalled bet ($0.50) returned to ImaPeppaPig
ImaPeppaPig collected $1 from pot
ImaPeppaPig: doesn't show hand 
*** SUMMARY ***
Total pot $1 | Rake $0 
Seat 1: ImaPeppaPig (big blind) collected ($1)
Seat 2: Melenya folded before Flop (didn't bet)
Seat 3: BoyLoc0 folded before Flop (didn't bet)
Seat 4: Xenicide (button) folded before Flop (didn't bet)
Seat 5: ponchua (small blind) folded before Flop



PokerStars Hand #254480509603:  Hold'em No Limit ($0.50/$1.00 USD) - 2025/01/21 5:21:10 WET [2025/01/21 0:21:10 ET]
Table 'Juliet IV' 6-max Seat #1 is the button
Seat 2: Melenya ($195.91 in chips) is sitting out
Seat 3: BoyLoc0 ($195.02 in chips) is sitting out
Seat 4: Xenicide ($140.57 in chips) is sitting out
Seat 1: ImaPeppaPig ($153.82 in chips) 
Seat 5: ponchua ($115.24 in chips) 
ImaPeppaPig: posts small blind $0.50
Melenya: is sitting out 
BoyLoc0: is sitting out 
Xenicide: is sitting out 
ponchua: posts big blind $1
*** HOLE CARDS ***
Xenicide leaves the table
BoyLoc0 leaves the table
ImaPeppaPig: raises $1.50 to $2.50
Melenya leaves the table
ponchua: raises $9.50 to $12
ImaPeppaPig: calls $9.50
*** FLOP *** [4h 6h Kc]
ponchua: bets $7.13
ImaPeppaPig: raises $13.87 to $21
ponchua: folds 
Uncalled bet ($13.87) returned to ImaPeppaPig
ImaPeppaPig collected $37.26 from pot
ImaPeppaPig: doesn't show hand 
*** SUMMARY ***
Total pot $38.26 | Rake $1 
Board [4h 6h Kc]
Seat 2: Melenya
Seat 3: BoyLoc0
Seat 4: Xenicide
Seat 1: ImaPeppaPig (button) (small blind) collected ($37.26)
Seat 5: ponchua (big blind) folded on the Flop



PokerStars Hand #254480150270:  Hold'em No Limit ($0.50/$1.00 USD) - 2025/01/21 4:13:22 WET [2025/01/20 23:13:22 ET]
Table 'Juliet IV' 6-max Seat #1 is the button
Seat 1: ImaPeppaPig ($137.03 in chips) 
Seat 2: Melenya ($132.67 in chips) 
Seat 3: BoyLoc0 ($126.43 in chips) 
Seat 4: Manifestorr ($102.16 in chips) 
Seat 5: BumHuntKing ($100 in chips) 
Seat 6: J2DaMac ($87.64 in chips) 
Melenya: posts small blind $0.50
BoyLoc0: posts big blind $1
*** HOLE CARDS ***
Manifestorr: folds 
BumHuntKing: folds 
J2DaMac: folds 
ImaPeppaPig: raises $1.50 to $2.50
Melenya: folds 
BoyLoc0: calls $1.50
*** FLOP *** [5h 6d Ah]
BoyLoc0: checks 
ImaPeppaPig: checks 
*** TURN *** [5h 6d Ah] [Qc]
BoyLoc0: checks 
ImaPeppaPig: checks 
*** RIVER *** [5h 6d Ah Qc] [5s]
BoyLoc0: bets $3.92
ImaPeppaPig: folds 
Uncalled bet ($3.92) returned to BoyLoc0
BoyLoc0 collected $5.22 from pot
BoyLoc0: doesn't show hand 
*** SUMMARY ***
Total pot $5.50 | Rake $0.28 
Board [5h 6d Ah Qc 5s]
Seat 1: ImaPeppaPig (button) folded on the River
Seat 2: Melenya (small blind) folded before Flop
Seat 3: BoyLoc0 (big blind) collected ($5.22)
Seat 4: Manifestorr folded before Flop (didn't bet)
Seat 5: BumHuntKing folded before Flop (didn't bet)
Seat 6: J2DaMac folded before Flop (didn't bet)



PokerStars Hand #254480155420:  Hold'em No Limit ($0.50/$1.00 USD) - 2025/01/21 4:14:16 WET [2025/01/20 23:14:16 ET]
Table 'Juliet IV' 6-max Seat #2 is the button
Seat 1: ImaPeppaPig ($134.53 in chips) 
Seat 2: Melenya ($132.17 in chips) 
Seat 3: BoyLoc0 ($129.15 in chips) 
Seat 4: Manifestorr ($102.16 in chips) 
Seat 5: BumHuntKing ($100 in chips) 
Seat 6: J2DaMac ($87.64 in chips) 
BoyLoc0: posts small blind $0.50
Manifestorr: posts big blind $1
*** HOLE CARDS ***
BumHuntKing: folds 
J2DaMac: folds 
ImaPeppaPig: raises $1.50 to $2.50
Melenya: folds 
BoyLoc0: folds 
Manifestorr: folds 
Uncalled bet ($1.50) returned to ImaPeppaPig
ImaPeppaPig collected $2.50 from pot
ImaPeppaPig: doesn't show hand 
*** SUMMARY ***
Total pot $2.50 | Rake $0 
Seat 1: ImaPeppaPig collected ($2.50)
Seat 2: Melenya (button) folded before Flop (didn't bet)
Seat 3: BoyLoc0 (small blind) folded before Flop
Seat 4: Manifestorr (big blind) folded before Flop
Seat 5: BumHuntKing folded before Flop (didn't bet)
Seat 6: J2DaMac folded before Flop (didn't bet)



PokerStars Hand #254480157137:  Hold'em No Limit ($0.50/$1.00 USD) - 2025/01/21 4:14:34 WET [2025/01/20 23:14:34 ET]
Table 'Juliet IV' 6-max Seat #3 is the button
Seat 1: ImaPeppaPig ($136.03 in chips) 
Seat 2: Melenya ($132.17 in chips) 
Seat 3: BoyLoc0 ($128.65 in chips) 
Seat 4: Manifestorr ($101.16 in chips) 
Seat 5: BumHuntKing ($100 in chips) 
Seat 6: J2DaMac ($87.64 in chips) 
Manifestorr: posts small blind $0.50
BumHuntKing: posts big blind $1
*** HOLE CARDS ***
J2DaMac: calls $1
ImaPeppaPig: raises $3 to $4
Melenya: folds 
BoyLoc0: folds 
Manifestorr: folds 
BumHuntKing: folds 
J2DaMac: calls $3
*** FLOP *** [5h 6s 7h]
J2DaMac: checks 
ImaPeppaPig: checks 
*** TURN *** [5h 6s 7h] [6h]
J2DaMac: bets $4.51
ImaPeppaPig: calls $4.51
*** RIVER *** [5h 6s 7h 6h] [5s]
J2DaMac: bets $10
ImaPeppaPig: folds 
Uncalled bet ($10) returned to J2DaMac
J2DaMac collected $17.59 from pot
*** SUMMARY ***
Total pot $18.52 | Rake $0.93 
Board [5h 6s 7h 6h 5s]
Seat 1: ImaPeppaPig folded on the River
Seat 2: Melenya folded before Flop (didn't bet)
Seat 3: BoyLoc0 (button) folded before Flop (didn't bet)
Seat 4: Manifestorr (small blind) folded before Flop
Seat 5: BumHuntKing (big blind) folded before Flop
Seat 6: J2DaMac collected ($17.59)



PokerStars Hand #254480161794:  Hold'em No Limit ($0.50/$1.00 USD) - 2025/01/21 4:15:22 WET [2025/01/20 23:15:22 ET]
Table 'Juliet IV' 6-max Seat #4 is the button
Seat 1: ImaPeppaPig ($127.52 in chips) 
Seat 2: Melenya ($132.17 in chips) 
Seat 3: BoyLoc0 ($128.65 in chips) 
Seat 4: Manifestorr ($100.66 in chips) 
Seat 5: BumHuntKing ($100 in chips) 
Seat 6: J2DaMac ($96.72 in chips) 
BumHuntKing: posts small blind $0.50
J2DaMac: posts big blind $1
*** HOLE CARDS ***
ImaPeppaPig: folds 
Melenya: raises $1 to $2
BoyLoc0: folds 
Manifestorr: folds 
BumHuntKing: folds 
J2DaMac: calls $1
*** FLOP *** [7d 3d Tc]
J2DaMac: checks 
Melenya: bets $1.07
J2DaMac: calls $1.07
*** TURN *** [7d 3d Tc] [Jd]
J2DaMac: bets $6.31
Melenya: folds 
Uncalled bet ($6.31) returned to J2DaMac
J2DaMac collected $6.31 from pot
*** SUMMARY ***
Total pot $6.64 | Rake $0.33 
Board [7d 3d Tc Jd]
Seat 1: ImaPeppaPig folded before Flop (didn't bet)
Seat 2: Melenya folded on the Turn
Seat 3: BoyLoc0 folded before Flop (didn't bet)
Seat 4: Manifestorr (button) folded before Flop (didn't bet)
Seat 5: BumHuntKing (small blind) folded before Flop
Seat 6: J2DaMac (big blind) collected ($6.31)



PokerStars Hand #254480167578:  Hold'em No Limit ($0.50/$1.00 USD) - 2025/01/21 4:16:22 WET [2025/01/20 23:16:22 ET]
Table 'Juliet IV' 6-max Seat #5 is the button
Seat 1: ImaPeppaPig ($127.52 in chips) 
Seat 2: Melenya ($129.10 in chips) 
Seat 3: BoyLoc0 ($128.65 in chips) 
Seat 4: Manifestorr ($100.66 in chips) 
Seat 5: BumHuntKing ($100 in chips) 
Seat 6: J2DaMac ($99.96 in chips) 
J2DaMac: posts small blind $0.50
ImaPeppaPig: posts big blind $1
*** HOLE CARDS ***
Melenya: folds 
BoyLoc0: folds 
Manifestorr: folds 
BumHuntKing: folds 
J2DaMac: folds 
Uncalled bet ($0.50) returned to ImaPeppaPig
ImaPeppaPig collected $1 from pot
ImaPeppaPig: doesn't show hand 
*** SUMMARY ***
Total pot $1 | Rake $0 
Seat 1: ImaPeppaPig (big blind) collected ($1)
Seat 2: Melenya folded before Flop (didn't bet)
Seat 3: BoyLoc0 folded before Flop (didn't bet)
Seat 4: Manifestorr folded before Flop (didn't bet)
Seat 5: BumHuntKing (button) folded before Flop (didn't bet)
Seat 6: J2DaMac (small blind) folded before Flop



PokerStars Hand #254480168717:  Hold'em No Limit ($0.50/$1.00 USD) - 2025/01/21 4:16:34 WET [2025/01/20 23:16:34 ET]
Table 'Juliet IV' 6-max Seat #6 is the button
Seat 1: ImaPeppaPig ($128.02 in chips) 
Seat 2: Melenya ($129.10 in chips) 
Seat 3: BoyLoc0 ($128.65 in chips) 
Seat 4: Manifestorr ($100.66 in chips) 
Seat 5: BumHuntKing ($100 in chips) 
Seat 6: J2DaMac ($99.46 in chips) 
ImaPeppaPig: posts small blind $0.50
Melenya: posts big blind $1
*** HOLE CARDS ***
BoyLoc0: raises $1.50 to $2.50
Manifestorr: folds 
BumHuntKing: folds 
J2DaMac: calls $2.50
ImaPeppaPig: folds 
Melenya: folds 
*** FLOP *** [Kd 5s 8h]
BoyLoc0: checks 
J2DaMac: bets $2
BoyLoc0: calls $2
*** TURN *** [Kd 5s 8h] [2h]
BoyLoc0: checks 
J2DaMac: bets $5
BoyLoc0: calls $5
*** RIVER *** [Kd 5s 8h 2h] [5h]
BoyLoc0: checks 
J2DaMac: checks 
*** SHOW DOWN ***
BoyLoc0: shows [Kc Jh] (two pair, Kings and Fives)
J2DaMac: mucks hand 
BoyLoc0 collected $19.48 from pot
*** SUMMARY ***
Total pot $20.50 | Rake $1.02 
Board [Kd 5s 8h 2h 5h]
Seat 1: ImaPeppaPig (small blind) folded before Flop
Seat 2: Melenya (big blind) folded before Flop
Seat 3: BoyLoc0 showed [Kc Jh] and won ($19.48) with two pair, Kings and Fives
Seat 4: Manifestorr folded before Flop (didn't bet)
Seat 5: BumHuntKing folded before Flop (didn't bet)
Seat 6: J2DaMac (button) mucked



PokerStars Hand #254480173955:  Hold'em No Limit ($0.50/$1.00 USD) - 2025/01/21 4:17:28 WET [2025/01/20 23:17:28 ET]
Table 'Juliet IV' 6-max Seat #1 is the button
Seat 1: ImaPeppaPig ($127.52 in chips) 
Seat 2: Melenya ($128.10 in chips) 
Seat 3: BoyLoc0 ($138.63 in chips) 
Seat 4: Manifestorr ($100.66 in chips) 
Seat 5: BumHuntKing ($100 in chips) 
Seat 6: J2DaMac ($89.96 in chips) 
Melenya: posts small blind $0.50
BoyLoc0: posts big blind $1
*** HOLE CARDS ***
Manifestorr: folds 
BumHuntKing: folds 
J2DaMac: calls $1
ImaPeppaPig: raises $3 to $4
Melenya: folds 
BoyLoc0: calls $3
J2DaMac: calls $3
*** FLOP *** [7s 8h As]
BoyLoc0: checks 
J2DaMac: checks 
ImaPeppaPig: checks 
*** TURN *** [7s 8h As] [3s]
BoyLoc0: checks 
J2DaMac: checks 
ImaPeppaPig: checks 
*** RIVER *** [7s 8h As 3s] [Ad]
BoyLoc0: checks 
J2DaMac: bets $10
ImaPeppaPig: folds 
BoyLoc0: calls $10
*** SHOW DOWN ***
J2DaMac: shows [Ah 9h] (three of a kind, Aces)
BoyLoc0: mucks hand 
J2DaMac collected $30.88 from pot
*** SUMMARY ***
Total pot $32.50 | Rake $1.62 
Board [7s 8h As 3s Ad]
Seat 1: ImaPeppaPig (button) folded on the River
Seat 2: Melenya (small blind) folded before Flop
Seat 3: BoyLoc0 (big blind) mucked
Seat 4: Manifestorr folded before Flop (didn't bet)
Seat 5: BumHuntKing folded before Flop (didn't bet)
Seat 6: J2DaMac showed [Ah 9h] and won ($30.88) with three of a kind, Aces



PokerStars Hand #254480179645:  Hold'em No Limit ($0.50/$1.00 USD) - 2025/01/21 4:18:28 WET [2025/01/20 23:18:28 ET]
Table 'Juliet IV' 6-max Seat #2 is the button
Seat 1: ImaPeppaPig ($123.52 in chips) 
Seat 2: Melenya ($127.60 in chips) 
Seat 3: BoyLoc0 ($124.63 in chips) 
Seat 4: Manifestorr ($100.66 in chips) 
Seat 5: BumHuntKing ($100 in chips) 
Seat 6: J2DaMac ($106.84 in chips) 
BoyLoc0: posts small blind $0.50
Manifestorr: posts big blind $1
*** HOLE CARDS ***
BumHuntKing: folds 
J2DaMac: calls $1
ImaPeppaPig: raises $4 to $5
Melenya: folds 
BoyLoc0: calls $4.50
Manifestorr: folds 
J2DaMac: folds 
*** FLOP *** [7h Kc 6s]
BoyLoc0: checks 
ImaPeppaPig: bets $3.53
BoyLoc0: calls $3.53
*** TURN *** [7h Kc 6s] [6h]
BoyLoc0: checks 
ImaPeppaPig: checks 
*** RIVER *** [7h Kc 6s 6h] [Js]
BoyLoc0: bets $13.58
ImaPeppaPig: folds 
Uncalled bet ($13.58) returned to BoyLoc0
BoyLoc0 collected $18.11 from pot
BoyLoc0: doesn't show hand 
*** SUMMARY ***
Total pot $19.06 | Rake $0.95 
Board [7h Kc 6s 6h Js]
Seat 1: ImaPeppaPig folded on the River
Seat 2: Melenya (button) folded before Flop (didn't bet)
Seat 3: BoyLoc0 (small blind) collected ($18.11)
Seat 4: Manifestorr (big blind) folded before Flop
Seat 5: BumHuntKing folded before Flop (didn't bet)
Seat 6: J2DaMac folded before Flop



PokerStars Hand #254480185243:  Hold'em No Limit ($0.50/$1.00 USD) - 2025/01/21 4:19:25 WET [2025/01/20 23:19:25 ET]
Table 'Juliet IV' 6-max Seat #3 is the button
Seat 1: ImaPeppaPig ($114.99 in chips) 
Seat 2: Melenya ($127.60 in chips) 
Seat 3: BoyLoc0 ($134.21 in chips) 
Seat 4: Manifestorr ($100 in chips) 
Seat 5: BumHuntKing ($100 in chips) 
Seat 6: J2DaMac ($105.84 in chips) 
Manifestorr: posts small blind $0.50
BumHuntKing: posts big blind $1
*** HOLE CARDS ***
J2DaMac: folds 
ImaPeppaPig: folds 
Melenya: folds 
BoyLoc0: folds 
Manifestorr: folds 
Uncalled bet ($0.50) returned to BumHuntKing
BumHuntKing collected $1 from pot
BumHuntKing: doesn't show hand 
*** SUMMARY ***
Total pot $1 | Rake $0 
Seat 1: ImaPeppaPig folded before Flop (didn't bet)
Seat 2: Melenya folded before Flop (didn't bet)
Seat 3: BoyLoc0 (button) folded before Flop (didn't bet)
Seat 4: Manifestorr (small blind) folded before Flop
Seat 5: BumHuntKing (big blind) collected ($1)
Seat 6: J2DaMac folded before Flop (didn't bet)



PokerStars Hand #254480187480:  Hold'em No Limit ($0.50/$1.00 USD) - 2025/01/21 4:19:48 WET [2025/01/20 23:19:48 ET]
Table 'Juliet IV' 6-max Seat #4 is the button
Seat 1: ImaPeppaPig ($114.99 in chips) 
Seat 2: Melenya ($127.60 in chips) 
Seat 3: BoyLoc0 ($134.21 in chips) 
Seat 4: Manifestorr ($100 in chips) 
Seat 5: BumHuntKing ($100.50 in chips) 
Seat 6: J2DaMac ($105.84 in chips) 
BumHuntKing: posts small blind $0.50
J2DaMac: posts big blind $1
*** HOLE CARDS ***
ImaPeppaPig: raises $1.50 to $2.50
Melenya: folds 
BoyLoc0: folds 
Manifestorr: raises $5.50 to $8
BumHuntKing: folds 
J2DaMac: folds 
ImaPeppaPig: calls $5.50
*** FLOP *** [Tc 6d 2s]
ImaPeppaPig: checks 
Manifestorr: bets $8.31
ImaPeppaPig: raises $12.69 to $21
Manifestorr: folds 
Uncalled bet ($12.69) returned to ImaPeppaPig
ImaPeppaPig collected $32.41 from pot
ImaPeppaPig: doesn't show hand 
*** SUMMARY ***
Total pot $34.12 | Rake $1.71 
Board [Tc 6d 2s]
Seat 1: ImaPeppaPig collected ($32.41)
Seat 2: Melenya folded before Flop (didn't bet)
Seat 3: BoyLoc0 folded before Flop (didn't bet)
Seat 4: Manifestorr (button) folded on the Flop
Seat 5: BumHuntKing (small blind) folded before Flop
Seat 6: J2DaMac (big blind) folded before Flop



PokerStars Hand #254480192104:  Hold'em No Limit ($0.50/$1.00 USD) - 2025/01/21 4:20:36 WET [2025/01/20 23:20:36 ET]
Table 'Juliet IV' 6-max Seat #5 is the button
Seat 1: ImaPeppaPig ($131.09 in chips) 
Seat 2: Melenya ($127.60 in chips) 
Seat 3: BoyLoc0 ($134.21 in chips) 
Seat 4: Manifestorr ($100 in chips) 
Seat 5: BumHuntKing ($100 in chips) 
Seat 6: J2DaMac ($104.84 in chips) 
J2DaMac: posts small blind $0.50
ImaPeppaPig: posts big blind $1
*** HOLE CARDS ***
Melenya: folds 
BoyLoc0: folds 
Manifestorr: raises $1.20 to $2.20
BumHuntKing: folds 
J2DaMac: calls $1.70
ImaPeppaPig: calls $1.20
*** FLOP *** [4d 7c Ts]
J2DaMac: checks 
ImaPeppaPig: checks 
Manifestorr: checks 
*** TURN *** [4d 7c Ts] [Kh]
J2DaMac: checks 
ImaPeppaPig: checks 
Manifestorr: bets $2.07
J2DaMac: calls $2.07
ImaPeppaPig: folds 
*** RIVER *** [4d 7c Ts Kh] [5h]
J2DaMac: bets $5.10
Manifestorr: folds 
Uncalled bet ($5.10) returned to J2DaMac
J2DaMac collected $10.20 from pot
*** SUMMARY ***
Total pot $10.74 | Rake $0.54 
Board [4d 7c Ts Kh 5h]
Seat 1: ImaPeppaPig (big blind) folded on the Turn
Seat 2: Melenya folded before Flop (didn't bet)
Seat 3: BoyLoc0 folded before Flop (didn't bet)
Seat 4: Manifestorr folded on the River
Seat 5: BumHuntKing (button) folded before Flop (didn't bet)
Seat 6: J2DaMac (small blind) collected ($10.20)



PokerStars Hand #254480196355:  Hold'em No Limit ($0.50/$1.00 USD) - 2025/01/21 4:21:19 WET [2025/01/20 23:21:19 ET]
Table 'Juliet IV' 6-max Seat #6 is the button
Seat 1: ImaPeppaPig ($128.89 in chips) 
Seat 2: Melenya ($127.60 in chips) 
Seat 3: BoyLoc0 ($134.21 in chips) 
Seat 4: Manifestorr ($100 in chips) 
Seat 5: BumHuntKing ($100 in chips) 
Seat 6: J2DaMac ($110.77 in chips) 
ImaPeppaPig: posts small blind $0.50
Melenya: posts big blind $1
*** HOLE CARDS ***
BoyLoc0: folds 
Manifestorr: raises $1.20 to $2.20
BumHuntKing: folds 
J2DaMac: calls $2.20
ImaPeppaPig: folds 
Melenya: folds 
*** FLOP *** [Tc 8s 8c]
Manifestorr: checks 
J2DaMac: checks 
*** TURN *** [Tc 8s 8c] [Kh]
Manifestorr: bets $4.20
J2DaMac: folds 
Uncalled bet ($4.20) returned to Manifestorr
Manifestorr collected $5.60 from pot
*** SUMMARY ***
Total pot $5.90 | Rake $0.30 
Board [Tc 8s 8c Kh]
Seat 1: ImaPeppaPig (small blind) folded before Flop
Seat 2: Melenya (big blind) folded before Flop
Seat 3: BoyLoc0 folded before Flop (didn't bet)
Seat 4: Manifestorr collected ($5.60)
Seat 5: BumHuntKing folded before Flop (didn't bet)
Seat 6: J2DaMac (button) folded on the Turn



PokerStars Hand #254480198794:  Hold'em No Limit ($0.50/$1.00 USD) - 2025/01/21 4:21:44 WET [2025/01/20 23:21:44 ET]
Table 'Juliet IV' 6-max Seat #1 is the button
Seat 1: ImaPeppaPig ($128.39 in chips) 
Seat 2: Melenya ($126.60 in chips) 
Seat 3: BoyLoc0 ($134.21 in chips) 
Seat 4: Manifestorr ($103.40 in chips) 
Seat 5: BumHuntKing ($100 in chips) 
Seat 6: J2DaMac ($108.57 in chips) 
Melenya: posts small blind $0.50
BoyLoc0: posts big blind $1
*** HOLE CARDS ***
Manifestorr: folds 
BumHuntKing: raises $1.20 to $2.20
J2DaMac: calls $2.20
ImaPeppaPig: folds 
Melenya: folds 
BoyLoc0: folds 
*** FLOP *** [9c 6c As]
BumHuntKing: bets $1.85
J2DaMac: raises $2.15 to $4
BumHuntKing: folds 
Uncalled bet ($2.15) returned to J2DaMac
J2DaMac collected $9.12 from pot
*** SUMMARY ***
Total pot $9.60 | Rake $0.48 
Board [9c 6c As]
Seat 1: ImaPeppaPig (button) folded before Flop (didn't bet)
Seat 2: Melenya (small blind) folded before Flop
Seat 3: BoyLoc0 (big blind) folded before Flop
Seat 4: Manifestorr folded before Flop (didn't bet)
Seat 5: BumHuntKing folded on the Flop
Seat 6: J2DaMac collected ($9.12)



PokerStars Hand #254480201718:  Hold'em No Limit ($0.50/$1.00 USD) - 2025/01/21 4:22:14 WET [2025/01/20 23:22:14 ET]
Table 'Juliet IV' 6-max Seat #2 is the button
Seat 1: ImaPeppaPig ($128.39 in chips) 
Seat 2: Melenya ($126.10 in chips) 
Seat 3: BoyLoc0 ($133.21 in chips) 
Seat 4: Manifestorr ($103.40 in chips) 
Seat 5: BumHuntKing ($100 in chips) 
Seat 6: J2DaMac ($113.64 in chips) 
BoyLoc0: posts small blind $0.50
Manifestorr: posts big blind $1
*** HOLE CARDS ***
BumHuntKing: folds 
J2DaMac: calls $1
ImaPeppaPig: folds 
Melenya: raises $2.50 to $3.50
BoyLoc0: folds 
Manifestorr: folds 
J2DaMac: calls $2.50
*** FLOP *** [Qc 6d 8c]
J2DaMac: checks 
Melenya: bets $6.06
J2DaMac: calls $6.06
*** TURN *** [Qc 6d 8c] [Kd]
J2DaMac: checks 
Melenya: bets $19
J2DaMac: folds 
Uncalled bet ($19) returned to Melenya
Melenya collected $19.59 from pot
Melenya: doesn't show hand 
*** SUMMARY ***
Total pot $20.62 | Rake $1.03 
Board [Qc 6d 8c Kd]
Seat 1: ImaPeppaPig folded before Flop (didn't bet)
Seat 2: Melenya (button) collected ($19.59)
Seat 3: BoyLoc0 (small blind) folded before Flop
Seat 4: Manifestorr (big blind) folded before Flop
Seat 5: BumHuntKing folded before Flop (didn't bet)
Seat 6: J2DaMac folded on the Turn



PokerStars Hand #254480207295:  Hold'em No Limit ($0.50/$1.00 USD) - 2025/01/21 4:23:10 WET [2025/01/20 23:23:10 ET]
Table 'Juliet IV' 6-max Seat #3 is the button
Seat 1: ImaPeppaPig ($128.39 in chips) 
Seat 2: Melenya ($136.13 in chips) 
Seat 3: BoyLoc0 ($132.71 in chips) 
Seat 4: Manifestorr ($102.40 in chips) 
Seat 5: BumHuntKing ($100 in chips) 
Seat 6: J2DaMac ($104.08 in chips) 
Manifestorr: posts small blind $0.50
BumHuntKing: posts big blind $1
*** HOLE CARDS ***
J2DaMac: calls $1
ImaPeppaPig: folds 
Melenya: folds 
BoyLoc0: raises $4 to $5
Manifestorr: folds 
BumHuntKing: folds 
J2DaMac: folds 
Uncalled bet ($4) returned to BoyLoc0
BoyLoc0 collected $3.50 from pot
BoyLoc0: doesn't show hand 
*** SUMMARY ***
Total pot $3.50 | Rake $0 
Seat 1: ImaPeppaPig folded before Flop (didn't bet)
Seat 2: Melenya folded before Flop (didn't bet)
Seat 3: BoyLoc0 (button) collected ($3.50)
Seat 4: Manifestorr (small blind) folded before Flop
Seat 5: BumHuntKing (big blind) folded before Flop
Seat 6: J2DaMac folded before Flop



PokerStars Hand #254480208845:  Hold'em No Limit ($0.50/$1.00 USD) - 2025/01/21 4:23:27 WET [2025/01/20 23:23:27 ET]
Table 'Juliet IV' 6-max Seat #4 is the button
Seat 1: ImaPeppaPig ($128.39 in chips) 
Seat 2: Melenya ($136.13 in chips) 
Seat 3: BoyLoc0 ($135.21 in chips) 
Seat 4: Manifestorr ($101.90 in chips) 
Seat 5: BumHuntKing ($100 in chips) 
Seat 6: J2DaMac ($103.08 in chips) 
BumHuntKing: posts small blind $0.50
J2DaMac: posts big blind $1
*** HOLE CARDS ***
ImaPeppaPig: raises $1.50 to $2.50
Melenya: folds 
BoyLoc0: folds 
Manifestorr: calls $2.50
BumHuntKing: folds 
J2DaMac: folds 
*** FLOP *** [Qh Ks 5s]
ImaPeppaPig: checks 
Manifestorr: bets $4.64
ImaPeppaPig: calls $4.64
*** TURN *** [Qh Ks 5s] [9c]
ImaPeppaPig: checks 
Manifestorr: bets $11.50
ImaPeppaPig: calls $11.50
*** RIVER *** [Qh Ks 5s 9c] [Qs]
ImaPeppaPig: checks 
Manifestorr: bets $83.26 and is all-in
ImaPeppaPig: folds 
Uncalled bet ($83.26) returned to Manifestorr
Manifestorr collected $36.84 from pot
*** SUMMARY ***
Total pot $38.78 | Rake $1.94 
Board [Qh Ks 5s 9c Qs]
Seat 1: ImaPeppaPig folded on the River
Seat 2: Melenya folded before Flop (didn't bet)
Seat 3: BoyLoc0 folded before Flop (didn't bet)
Seat 4: Manifestorr (button) collected ($36.84)
Seat 5: BumHuntKing (small blind) folded before Flop
Seat 6: J2DaMac (big blind) folded before Flop



PokerStars Hand #254480215508:  Hold'em No Limit ($0.50/$1.00 USD) - 2025/01/21 4:24:35 WET [2025/01/20 23:24:35 ET]
Table 'Juliet IV' 6-max Seat #5 is the button
Seat 1: ImaPeppaPig ($109.75 in chips) 
Seat 2: Melenya ($136.13 in chips) 
Seat 3: BoyLoc0 ($135.21 in chips) 
Seat 4: Manifestorr ($120.10 in chips) 
Seat 5: BumHuntKing ($100 in chips) 
Seat 6: J2DaMac ($102.08 in chips) 
J2DaMac: posts small blind $0.50
ImaPeppaPig: posts big blind $1
*** HOLE CARDS ***
Melenya: raises $1 to $2
BoyLoc0: folds 
Manifestorr: folds 
BumHuntKing: folds 
J2DaMac: calls $1.50
ImaPeppaPig: folds 
*** FLOP *** [Ac 2d 6d]
J2DaMac: bets $3
Melenya: raises $10.75 to $13.75
J2DaMac: folds 
Uncalled bet ($10.75) returned to Melenya
Melenya collected $10.45 from pot
Melenya: doesn't show hand 
*** SUMMARY ***
Total pot $11 | Rake $0.55 
Board [Ac 2d 6d]
Seat 1: ImaPeppaPig (big blind) folded before Flop
Seat 2: Melenya collected ($10.45)
Seat 3: BoyLoc0 folded before Flop (didn't bet)
Seat 4: Manifestorr folded before Flop (didn't bet)
Seat 5: BumHuntKing (button) folded before Flop (didn't bet)
Seat 6: J2DaMac (small blind) folded on the Flop



PokerStars Hand #254480219048:  Hold'em No Limit ($0.50/$1.00 USD) - 2025/01/21 4:25:11 WET [2025/01/20 23:25:11 ET]
Table 'Juliet IV' 6-max Seat #6 is the button
Seat 2: Melenya ($141.58 in chips) is sitting out
Seat 1: ImaPeppaPig ($108.75 in chips) 
Seat 3: BoyLoc0 ($135.21 in chips) 
Seat 4: Manifestorr ($120.10 in chips) 
Seat 5: BumHuntKing ($100 in chips) 
Seat 6: J2DaMac ($97.08 in chips) 
ImaPeppaPig: posts small blind $0.50
Melenya: is sitting out 
BoyLoc0: posts big blind $1
*** HOLE CARDS ***
Manifestorr: folds 
BumHuntKing: folds 
J2DaMac: calls $1
ImaPeppaPig: calls $0.50
BoyLoc0: raises $4 to $5
J2DaMac: calls $4
ImaPeppaPig: folds 
*** FLOP *** [7d Qs 9h]
BoyLoc0: checks 
J2DaMac: checks 
*** TURN *** [7d Qs 9h] [7s]
BoyLoc0: bets $7.84
J2DaMac: calls $7.84
*** RIVER *** [7d Qs 9h 7s] [Qh]
BoyLoc0: bets $29
J2DaMac: folds 
Uncalled bet ($29) returned to BoyLoc0
BoyLoc0 collected $25.35 from pot
BoyLoc0: doesn't show hand 
*** SUMMARY ***
Total pot $26.68 | Rake $1.33 
Board [7d Qs 9h 7s Qh]
Seat 2: Melenya
Seat 1: ImaPeppaPig (small blind) folded before Flop
Seat 3: BoyLoc0 (big blind) collected ($25.35)
Seat 4: Manifestorr folded before Flop (didn't bet)
Seat 5: BumHuntKing folded before Flop (didn't bet)
Seat 6: J2DaMac (button) folded on the River



PokerStars Hand #254480224331:  Hold'em No Limit ($0.50/$1.00 USD) - 2025/01/21 4:26:06 WET [2025/01/20 23:26:06 ET]
Table 'Juliet IV' 6-max Seat #1 is the button
Seat 2: Melenya ($141.58 in chips) is sitting out
Seat 1: ImaPeppaPig ($107.75 in chips) 
Seat 3: BoyLoc0 ($147.72 in chips) 
Seat 4: Manifestorr ($120.10 in chips) 
Seat 5: BumHuntKing ($100 in chips) 
Seat 6: J2DaMac ($84.24 in chips) 
BoyLoc0: posts small blind $0.50
Manifestorr: posts big blind $1
*** HOLE CARDS ***
BumHuntKing: folds 
J2DaMac: folds 
ImaPeppaPig: raises $1.50 to $2.50
BoyLoc0: folds 
Manifestorr: calls $1.50
*** FLOP *** [9s Jc 9c]
Manifestorr: checks 
ImaPeppaPig: checks 
*** TURN *** [9s Jc 9c] [Qh]
Manifestorr: checks 
ImaPeppaPig: checks 
*** RIVER *** [9s Jc 9c Qh] [Kh]
Manifestorr: bets $3.92
ImaPeppaPig: folds 
Uncalled bet ($3.92) returned to Manifestorr
Manifestorr collected $5.22 from pot
*** SUMMARY ***
Total pot $5.50 | Rake $0.28 
Board [9s Jc 9c Qh Kh]
Seat 2: Melenya
Seat 1: ImaPeppaPig (button) folded on the River
Seat 3: BoyLoc0 (small blind) folded before Flop
Seat 4: Manifestorr (big blind) collected ($5.22)
Seat 5: BumHuntKing folded before Flop (didn't bet)
Seat 6: J2DaMac folded before Flop (didn't bet)



PokerStars Hand #254480228131:  Hold'em No Limit ($0.50/$1.00 USD) - 2025/01/21 4:26:46 WET [2025/01/20 23:26:46 ET]
Table 'Juliet IV' 6-max Seat #3 is the button
Seat 2: Melenya ($141.58 in chips) is sitting out
Seat 1: ImaPeppaPig ($105.25 in chips) 
Seat 3: BoyLoc0 ($147.22 in chips) 
Seat 4: Manifestorr ($122.82 in chips) 
Seat 5: BumHuntKing ($100 in chips) 
Seat 6: J2DaMac ($84.24 in chips) 
Manifestorr: posts small blind $0.50
BumHuntKing: posts big blind $1
*** HOLE CARDS ***
J2DaMac: calls $1
ImaPeppaPig: folds 
BoyLoc0: raises $3 to $4
Manifestorr: folds 
BumHuntKing: calls $3
J2DaMac: calls $3
*** FLOP *** [9h Jh Kc]
BumHuntKing: checks 
J2DaMac: bets $4
BoyLoc0: raises $9.94 to $13.94
BumHuntKing: folds 
J2DaMac: calls $9.94
*** TURN *** [9h Jh Kc] [7h]
J2DaMac: checks 
BoyLoc0: checks 
*** RIVER *** [9h Jh Kc 7h] [2c]
J2DaMac: checks 
BoyLoc0: checks 
*** SHOW DOWN ***
J2DaMac: shows [Js Qh] (a pair of Jacks)
BoyLoc0: shows [Ts Qc] (a straight, Nine to King)
BoyLoc0 collected $38.36 from pot
*** SUMMARY ***
Total pot $40.38 | Rake $2.02 
Board [9h Jh Kc 7h 2c]
Seat 2: Melenya
Seat 1: ImaPeppaPig folded before Flop (didn't bet)
Seat 3: BoyLoc0 (button) showed [Ts Qc] and won ($38.36) with a straight, Nine to King
Seat 4: Manifestorr (small blind) folded before Flop
Seat 5: BumHuntKing (big blind) folded on the Flop
Seat 6: J2DaMac showed [Js Qh] and lost with a pair of Jacks



PokerStars Hand #254480234487:  Hold'em No Limit ($0.50/$1.00 USD) - 2025/01/21 4:27:52 WET [2025/01/20 23:27:52 ET]
Table 'Juliet IV' 6-max Seat #4 is the button
Seat 2: Melenya ($141.58 in chips) is sitting out
Seat 1: ImaPeppaPig ($105.25 in chips) 
Seat 3: BoyLoc0 ($167.64 in chips) 
Seat 4: Manifestorr ($122.32 in chips) 
Seat 5: BumHuntKing ($100 in chips) 
Seat 6: J2DaMac ($66.30 in chips) 
BumHuntKing: posts small blind $0.50
J2DaMac: posts big blind $1
*** HOLE CARDS ***
ImaPeppaPig: raises $1.50 to $2.50
BoyLoc0: folds 
Manifestorr: folds 
BumHuntKing: folds 
J2DaMac: calls $1.50
*** FLOP *** [Kd 3s Ah]
J2DaMac: checks 
ImaPeppaPig: checks 
*** TURN *** [Kd 3s Ah] [Th]
J2DaMac: checks 
ImaPeppaPig: checks 
*** RIVER *** [Kd 3s Ah Th] [5h]
J2DaMac: checks 
ImaPeppaPig: checks 
*** SHOW DOWN ***
J2DaMac: shows [4s 4h] (a pair of Fours)
ImaPeppaPig: shows [Qd Qc] (a pair of Queens)
ImaPeppaPig collected $5.22 from pot
*** SUMMARY ***
Total pot $5.50 | Rake $0.28 
Board [Kd 3s Ah Th 5h]
Seat 2: Melenya
Seat 1: ImaPeppaPig showed [Qd Qc] and won ($5.22) with a pair of Queens
Seat 3: BoyLoc0 folded before Flop (didn't bet)
Seat 4: Manifestorr (button) folded before Flop (didn't bet)
Seat 5: BumHuntKing (small blind) folded before Flop
Seat 6: J2DaMac (big blind) showed [4s 4h] and lost with a pair of Fours



PokerStars Hand #254480236650:  Hold'em No Limit ($0.50/$1.00 USD) - 2025/01/21 4:28:14 WET [2025/01/20 23:28:14 ET]
Table 'Juliet IV' 6-max Seat #5 is the button
Seat 2: Melenya ($141.58 in chips) is sitting out
Seat 1: ImaPeppaPig ($107.97 in chips) 
Seat 3: BoyLoc0 ($167.64 in chips) 
Seat 4: Manifestorr ($122.32 in chips) 
Seat 5: BumHuntKing ($100 in chips) 
Seat 6: J2DaMac ($63.80 in chips) 
J2DaMac: posts small blind $0.50
ImaPeppaPig: posts big blind $1
*** HOLE CARDS ***
BoyLoc0: raises $1.50 to $2.50
Manifestorr: folds 
BumHuntKing: folds 
J2DaMac: folds 
ImaPeppaPig: raises $10 to $12.50
BoyLoc0: folds 
Uncalled bet ($10) returned to ImaPeppaPig
ImaPeppaPig collected $5.50 from pot
ImaPeppaPig: doesn't show hand 
*** SUMMARY ***
Total pot $5.50 | Rake $0 
Seat 2: Melenya
Seat 1: ImaPeppaPig (big blind) collected ($5.50)
Seat 3: BoyLoc0 folded before Flop
Seat 4: Manifestorr folded before Flop (didn't bet)
Seat 5: BumHuntKing (button) folded before Flop (didn't bet)
Seat 6: J2DaMac (small blind) folded before Flop



PokerStars Hand #254480238391:  Hold'em No Limit ($0.50/$1.00 USD) - 2025/01/21 4:28:32 WET [2025/01/20 23:28:32 ET]
Table 'Juliet IV' 6-max Seat #6 is the button
Seat 2: Melenya ($141.58 in chips) is sitting out
Seat 1: ImaPeppaPig ($110.97 in chips) 
Seat 3: BoyLoc0 ($165.14 in chips) 
Seat 4: Manifestorr ($122.32 in chips) 
Seat 5: BumHuntKing ($100 in chips) 
Seat 6: J2DaMac ($63.30 in chips) 
ImaPeppaPig: posts small blind $0.50
BoyLoc0: posts big blind $1
*** HOLE CARDS ***
Manifestorr: folds 
BumHuntKing: raises $1.20 to $2.20
J2DaMac: calls $2.20
ImaPeppaPig: raises $11.80 to $14
BoyLoc0: raises $13 to $27
BumHuntKing: folds 
J2DaMac: folds 
ImaPeppaPig: folds 
Uncalled bet ($13) returned to BoyLoc0
BoyLoc0 collected $32.40 from pot
BoyLoc0: doesn't show hand 
*** SUMMARY ***
Total pot $32.40 | Rake $0 
Seat 2: Melenya
Seat 1: ImaPeppaPig (small blind) folded before Flop
Seat 3: BoyLoc0 (big blind) collected ($32.40)
Seat 4: Manifestorr folded before Flop (didn't bet)
Seat 5: BumHuntKing folded before Flop
Seat 6: J2DaMac (button) folded before Flop



PokerStars Hand #254480241729:  Hold'em No Limit ($0.50/$1.00 USD) - 2025/01/21 4:29:08 WET [2025/01/20 23:29:08 ET]
Table 'Juliet IV' 6-max Seat #1 is the button
Seat 2: Melenya ($141.58 in chips) is sitting out
Seat 1: ImaPeppaPig ($100 in chips) 
Seat 3: BoyLoc0 ($183.54 in chips) 
Seat 4: Manifestorr ($122.32 in chips) 
Seat 5: BumHuntKing ($100 in chips) 
Seat 6: J2DaMac ($61.10 in chips) 
BoyLoc0: posts small blind $0.50
Manifestorr: posts big blind $1
*** HOLE CARDS ***
BumHuntKing: folds 
J2DaMac: calls $1
ImaPeppaPig: raises $4 to $5
BoyLoc0: folds 
Manifestorr: folds 
J2DaMac: calls $4
*** FLOP *** [Qs 2d 8c]
J2DaMac: checks 
ImaPeppaPig: bets $5.68
J2DaMac: calls $5.68
*** TURN *** [Qs 2d 8c] [Jc]
J2DaMac: checks 
ImaPeppaPig: checks 
*** RIVER *** [Qs 2d 8c Jc] [9c]
J2DaMac: bets $12
ImaPeppaPig: folds 
Uncalled bet ($12) returned to J2DaMac
J2DaMac collected $21.72 from pot
*** SUMMARY ***
Total pot $22.86 | Rake $1.14 
Board [Qs 2d 8c Jc 9c]
Seat 2: Melenya
Seat 1: ImaPeppaPig (button) folded on the River
Seat 3: BoyLoc0 (small blind) folded before Flop
Seat 4: Manifestorr (big blind) folded before Flop
Seat 5: BumHuntKing folded before Flop (didn't bet)
Seat 6: J2DaMac collected ($21.72)



PokerStars Hand #254480246709:  Hold'em No Limit ($0.50/$1.00 USD) - 2025/01/21 4:29:59 WET [2025/01/20 23:29:59 ET]
Table 'Juliet IV' 6-max Seat #3 is the button
Seat 2: Melenya ($141.58 in chips) is sitting out
Seat 1: ImaPeppaPig ($100 in chips) 
Seat 3: BoyLoc0 ($183.04 in chips) 
Seat 4: Manifestorr ($121.32 in chips) 
Seat 5: BumHuntKing ($100 in chips) 
Seat 6: J2DaMac ($72.14 in chips) 
Manifestorr: posts small blind $0.50
BumHuntKing: posts big blind $1
*** HOLE CARDS ***
J2DaMac: calls $1
ImaPeppaPig: raises $4 to $5
BoyLoc0: folds 
Manifestorr: folds 
BumHuntKing: calls $4
J2DaMac: folds 
*** FLOP *** [7d 5d 5c]
BumHuntKing: checks 
ImaPeppaPig: bets $5.68
BumHuntKing: calls $5.68
*** TURN *** [7d 5d 5c] [2h]
BumHuntKing: checks 
ImaPeppaPig: bets $14
BumHuntKing: calls $14
*** RIVER *** [7d 5d 5c 2h] [Qs]
BumHuntKing: checks 
ImaPeppaPig: checks 
*** SHOW DOWN ***
BumHuntKing: shows [8h 8d] (two pair, Eights and Fives)
ImaPeppaPig: shows [Qh Th] (two pair, Queens and Fives)
ImaPeppaPig collected $48.36 from pot
*** SUMMARY ***
Total pot $50.86 | Rake $2.50 
Board [7d 5d 5c 2h Qs]
Seat 2: Melenya
Seat 1: ImaPeppaPig showed [Qh Th] and won ($48.36) with two pair, Queens and Fives
Seat 3: BoyLoc0 (button) folded before Flop (didn't bet)
Seat 4: Manifestorr (small blind) folded before Flop
Seat 5: BumHuntKing (big blind) showed [8h 8d] and lost with two pair, Eights and Fives
Seat 6: J2DaMac folded before Flop



PokerStars Hand #254480255218:  Hold'em No Limit ($0.50/$1.00 USD) - 2025/01/21 4:31:28 WET [2025/01/20 23:31:28 ET]
Table 'Juliet IV' 6-max Seat #4 is the button
Seat 2: Melenya ($141.58 in chips) is sitting out
Seat 1: ImaPeppaPig ($123.68 in chips) 
Seat 3: BoyLoc0 ($183.04 in chips) 
Seat 4: Manifestorr ($120.82 in chips) 
Seat 5: BumHuntKing ($100 in chips) 
Seat 6: J2DaMac ($71.14 in chips) 
BumHuntKing: posts small blind $0.50
J2DaMac: posts big blind $1
Melenya: sits out 
*** HOLE CARDS ***
ImaPeppaPig: folds 
BoyLoc0: folds 
Manifestorr: raises $1.20 to $2.20
BumHuntKing: folds 
J2DaMac: calls $1.20
*** FLOP *** [Th Js 2s]
J2DaMac: checks 
Manifestorr: bets $6.29
J2DaMac: folds 
Uncalled bet ($6.29) returned to Manifestorr
Manifestorr collected $4.66 from pot
*** SUMMARY ***
Total pot $4.90 | Rake $0.24 
Board [Th Js 2s]
Seat 2: Melenya
Seat 1: ImaPeppaPig folded before Flop (didn't bet)
Seat 3: BoyLoc0 folded before Flop (didn't bet)
Seat 4: Manifestorr (button) collected ($4.66)
Seat 5: BumHuntKing (small blind) folded before Flop
Seat 6: J2DaMac (big blind) folded on the Flop



PokerStars Hand #254480257349:  Hold'em No Limit ($0.50/$1.00 USD) - 2025/01/21 4:31:50 WET [2025/01/20 23:31:50 ET]
Table 'Juliet IV' 6-max Seat #5 is the button
Seat 2: Melenya ($141.58 in chips) is sitting out
Seat 1: ImaPeppaPig ($123.68 in chips) 
Seat 3: BoyLoc0 ($183.04 in chips) 
Seat 4: Manifestorr ($123.28 in chips) 
Seat 5: BumHuntKing ($100 in chips) 
Seat 6: J2DaMac ($68.94 in chips) 
J2DaMac: posts small blind $0.50
ImaPeppaPig: posts big blind $1
Melenya: sits out 
*** HOLE CARDS ***
BoyLoc0: folds 
Manifestorr: folds 
BumHuntKing: folds 
J2DaMac: calls $0.50
ImaPeppaPig: raises $3 to $4
J2DaMac: folds 
Uncalled bet ($3) returned to ImaPeppaPig
ImaPeppaPig collected $2 from pot
ImaPeppaPig: doesn't show hand 
*** SUMMARY ***
Total pot $2 | Rake $0 
Seat 2: Melenya
Seat 1: ImaPeppaPig (big blind) collected ($2)
Seat 3: BoyLoc0 folded before Flop (didn't bet)
Seat 4: Manifestorr folded before Flop (didn't bet)
Seat 5: BumHuntKing (button) folded before Flop (didn't bet)
Seat 6: J2DaMac (small blind) folded before Flop



PokerStars Hand #254480259273:  Hold'em No Limit ($0.50/$1.00 USD) - 2025/01/21 4:32:10 WET [2025/01/20 23:32:10 ET]
Table 'Juliet IV' 6-max Seat #6 is the button
Seat 1: ImaPeppaPig ($124.68 in chips) 
Seat 2: Melenya ($141.58 in chips) 
Seat 3: BoyLoc0 ($183.04 in chips) 
Seat 4: Manifestorr ($123.28 in chips) 
Seat 5: BumHuntKing ($100 in chips) 
Seat 6: J2DaMac ($67.94 in chips) 
ImaPeppaPig: posts small blind $0.50
Melenya: posts big blind $1
*** HOLE CARDS ***
BoyLoc0: folds 
Manifestorr: folds 
BumHuntKing: folds 
J2DaMac: calls $1
ImaPeppaPig: folds 
Melenya: checks 
*** FLOP *** [Ts Qs 9h]
Melenya: bets $1
J2DaMac: raises $2 to $3
Melenya: calls $2
*** TURN *** [Ts Qs 9h] [As]
Melenya: checks 
J2DaMac: bets $8.08
Melenya: folds 
Uncalled bet ($8.08) returned to J2DaMac
J2DaMac collected $8.08 from pot
*** SUMMARY ***
Total pot $8.50 | Rake $0.42 
Board [Ts Qs 9h As]
Seat 1: ImaPeppaPig (small blind) folded before Flop
Seat 2: Melenya (big blind) folded on the Turn
Seat 3: BoyLoc0 folded before Flop (didn't bet)
Seat 4: Manifestorr folded before Flop (didn't bet)
Seat 5: BumHuntKing folded before Flop (didn't bet)
Seat 6: J2DaMac (button) collected ($8.08)



PokerStars Hand #254480262962:  Hold'em No Limit ($0.50/$1.00 USD) - 2025/01/21 4:32:48 WET [2025/01/20 23:32:48 ET]
Table 'Juliet IV' 6-max Seat #1 is the button
Seat 1: ImaPeppaPig ($124.18 in chips) 
Seat 2: Melenya ($137.58 in chips) 
Seat 3: BoyLoc0 ($183.04 in chips) 
Seat 4: Manifestorr ($123.28 in chips) 
Seat 5: BumHuntKing ($100 in chips) 
Seat 6: J2DaMac ($72.02 in chips) 
Melenya: posts small blind $0.50
BoyLoc0: posts big blind $1
*** HOLE CARDS ***
Manifestorr: folds 
BumHuntKing: folds 
J2DaMac: calls $1
ImaPeppaPig: folds 
Melenya: folds 
BoyLoc0: checks 
*** FLOP *** [7s 2s Ks]
BoyLoc0: checks 
J2DaMac: checks 
*** TURN *** [7s 2s Ks] [7c]
BoyLoc0: bets $1.79
J2DaMac: folds 
Uncalled bet ($1.79) returned to BoyLoc0
BoyLoc0 collected $2.38 from pot
BoyLoc0: doesn't show hand 
*** SUMMARY ***
Total pot $2.50 | Rake $0.12 
Board [7s 2s Ks 7c]
Seat 1: ImaPeppaPig (button) folded before Flop (didn't bet)
Seat 2: Melenya (small blind) folded before Flop
Seat 3: BoyLoc0 (big blind) collected ($2.38)
Seat 4: Manifestorr folded before Flop (didn't bet)
Seat 5: BumHuntKing folded before Flop (didn't bet)
Seat 6: J2DaMac folded on the Turn



PokerStars Hand #254480265986:  Hold'em No Limit ($0.50/$1.00 USD) - 2025/01/21 4:33:20 WET [2025/01/20 23:33:20 ET]
Table 'Juliet IV' 6-max Seat #2 is the button
Seat 1: ImaPeppaPig ($124.18 in chips) 
Seat 2: Melenya ($137.08 in chips) 
Seat 3: BoyLoc0 ($184.42 in chips) 
Seat 4: Manifestorr ($123.28 in chips) 
Seat 5: BumHuntKing ($100 in chips) 
Seat 6: J2DaMac ($71.02 in chips) 
BoyLoc0: posts small blind $0.50
Manifestorr: posts big blind $1
*** HOLE CARDS ***
BumHuntKing: folds 
J2DaMac: calls $1
ImaPeppaPig: folds 
Melenya: raises $2.50 to $3.50
BoyLoc0: folds 
Manifestorr: folds 
J2DaMac: calls $2.50
*** FLOP *** [8c 4c Qc]
J2DaMac: bets $4.04
Melenya: folds 
Uncalled bet ($4.04) returned to J2DaMac
J2DaMac collected $8.08 from pot
*** SUMMARY ***
Total pot $8.50 | Rake $0.42 
Board [8c 4c Qc]
Seat 1: ImaPeppaPig folded before Flop (didn't bet)
Seat 2: Melenya (button) folded on the Flop
Seat 3: BoyLoc0 (small blind) folded before Flop
Seat 4: Manifestorr (big blind) folded before Flop
Seat 5: BumHuntKing folded before Flop (didn't bet)
Seat 6: J2DaMac collected ($8.08)



PokerStars Hand #254480269223:  Hold'em No Limit ($0.50/$1.00 USD) - 2025/01/21 4:33:53 WET [2025/01/20 23:33:53 ET]
Table 'Juliet IV' 6-max Seat #3 is the button
Seat 1: ImaPeppaPig ($124.18 in chips) 
Seat 2: Melenya ($133.58 in chips) 
Seat 3: BoyLoc0 ($183.92 in chips) 
Seat 4: Manifestorr ($122.28 in chips) 
Seat 5: BumHuntKing ($100 in chips) 
Seat 6: J2DaMac ($75.60 in chips) 
Manifestorr: posts small blind $0.50
BumHuntKing: posts big blind $1
*** HOLE CARDS ***
J2DaMac: folds 
ImaPeppaPig: raises $1.50 to $2.50
Melenya: folds 
BoyLoc0: folds 
Manifestorr: raises $9.50 to $12
BumHuntKing: folds 
ImaPeppaPig: calls $9.50
*** FLOP *** [Td Ts 4c]
Manifestorr: checks 
ImaPeppaPig: bets $11.35
Manifestorr: folds 
Uncalled bet ($11.35) returned to ImaPeppaPig
ImaPeppaPig collected $23.75 from pot
ImaPeppaPig: doesn't show hand 
*** SUMMARY ***
Total pot $25 | Rake $1.25 
Board [Td Ts 4c]
Seat 1: ImaPeppaPig collected ($23.75)
Seat 2: Melenya folded before Flop (didn't bet)
Seat 3: BoyLoc0 (button) folded before Flop (didn't bet)
Seat 4: Manifestorr (small blind) folded on the Flop
Seat 5: BumHuntKing (big blind) folded before Flop
Seat 6: J2DaMac folded before Flop (didn't bet)



PokerStars Hand #254480030447:  Hold'em No Limit ($0.50/$1.00 USD) - 2025/01/21 3:52:41 WET [2025/01/20 22:52:41 ET]
Table 'Juliet IV' 6-max Seat #1 is the button
Seat 1: ImaPeppaPig ($111.72 in chips) 
Seat 2: ptolejmus ($11.50 in chips) 
Seat 3: BoyLoc0 ($113.25 in chips) 
Seat 4: Manifestorr ($100.30 in chips) 
Seat 5: Xenicide ($124.70 in chips) 
Seat 6: J2DaMac ($129.96 in chips) 
ptolejmus: posts small blind $0.50
BoyLoc0: posts big blind $1
*** HOLE CARDS ***
Manifestorr: folds 
Xenicide: folds 
J2DaMac: calls $1
ImaPeppaPig: raises $4 to $5
ptolejmus: folds 
BoyLoc0: folds 
J2DaMac: folds 
Uncalled bet ($4) returned to ImaPeppaPig
ImaPeppaPig collected $3.50 from pot
ImaPeppaPig: doesn't show hand 
*** SUMMARY ***
Total pot $3.50 | Rake $0 
Seat 1: ImaPeppaPig (button) collected ($3.50)
Seat 2: ptolejmus (small blind) folded before Flop
Seat 3: BoyLoc0 (big blind) folded before Flop
Seat 4: Manifestorr folded before Flop (didn't bet)
Seat 5: Xenicide folded before Flop (didn't bet)
Seat 6: J2DaMac folded before Flop



PokerStars Hand #254480033544:  Hold'em No Limit ($0.50/$1.00 USD) - 2025/01/21 3:53:11 WET [2025/01/20 22:53:11 ET]
Table 'Juliet IV' 6-max Seat #2 is the button
Seat 1: ImaPeppaPig ($114.22 in chips) 
Seat 2: ptolejmus ($11 in chips) 
Seat 3: BoyLoc0 ($112.25 in chips) 
Seat 4: Manifestorr ($100.30 in chips) 
Seat 5: Xenicide ($124.70 in chips) 
Seat 6: J2DaMac ($128.96 in chips) 
BoyLoc0: posts small blind $0.50
Manifestorr: posts big blind $1
*** HOLE CARDS ***
Xenicide: folds 
J2DaMac: folds 
ImaPeppaPig: raises $1.50 to $2.50
ptolejmus: folds 
BoyLoc0: folds 
Manifestorr: folds 
Uncalled bet ($1.50) returned to ImaPeppaPig
ImaPeppaPig collected $2.50 from pot
ImaPeppaPig: doesn't show hand 
*** SUMMARY ***
Total pot $2.50 | Rake $0 
Seat 1: ImaPeppaPig collected ($2.50)
Seat 2: ptolejmus (button) folded before Flop (didn't bet)
Seat 3: BoyLoc0 (small blind) folded before Flop
Seat 4: Manifestorr (big blind) folded before Flop
Seat 5: Xenicide folded before Flop (didn't bet)
Seat 6: J2DaMac folded before Flop (didn't bet)



PokerStars Hand #254480034880:  Hold'em No Limit ($0.50/$1.00 USD) - 2025/01/21 3:53:23 WET [2025/01/20 22:53:23 ET]
Table 'Juliet IV' 6-max Seat #3 is the button
Seat 5: Xenicide ($124.70 in chips) is sitting out
Seat 1: ImaPeppaPig ($115.72 in chips) 
Seat 2: ptolejmus ($11 in chips) 
Seat 3: BoyLoc0 ($111.75 in chips) 
Seat 4: Manifestorr ($100 in chips) 
Seat 6: J2DaMac ($128.96 in chips) 
Manifestorr: posts small blind $0.50
Xenicide: is sitting out 
J2DaMac: posts big blind $1
*** HOLE CARDS ***
Xenicide leaves the table
ImaPeppaPig: folds 
ptolejmus: folds 
BoyLoc0: raises $1.50 to $2.50
Manifestorr: folds 
J2DaMac: calls $1.50
*** FLOP *** [Td 4h 4s]
J2DaMac: checks 
BumHuntKing joins the table at seat #5 
BoyLoc0: bets $3.92
J2DaMac: folds 
Uncalled bet ($3.92) returned to BoyLoc0
BoyLoc0 collected $5.22 from pot
BoyLoc0: doesn't show hand 
*** SUMMARY ***
Total pot $5.50 | Rake $0.28 
Board [Td 4h 4s]
Seat 5: Xenicide
Seat 1: ImaPeppaPig folded before Flop (didn't bet)
Seat 2: ptolejmus folded before Flop (didn't bet)
Seat 3: BoyLoc0 (button) collected ($5.22)
Seat 4: Manifestorr (small blind) folded before Flop
Seat 6: J2DaMac (big blind) folded on the Flop



PokerStars Hand #254480039937:  Hold'em No Limit ($0.50/$1.00 USD) - 2025/01/21 3:54:11 WET [2025/01/20 22:54:11 ET]
Table 'Juliet IV' 6-max Seat #4 is the button
Seat 5: BumHuntKing ($100 in chips) is sitting out
Seat 1: ImaPeppaPig ($115.72 in chips) 
Seat 2: ptolejmus ($11 in chips) 
Seat 3: BoyLoc0 ($114.47 in chips) 
Seat 4: Manifestorr ($100 in chips) 
Seat 6: J2DaMac ($126.46 in chips) 
J2DaMac: posts small blind $0.50
ImaPeppaPig: posts big blind $1
*** HOLE CARDS ***
ptolejmus: raises $1 to $2
BoyLoc0: folds 
Manifestorr: folds 
J2DaMac: calls $1.50
ImaPeppaPig: calls $1
*** FLOP *** [Kd Kh 5s]
J2DaMac: checks 
ImaPeppaPig: checks 
ptolejmus: checks 
*** TURN *** [Kd Kh 5s] [9h]
J2DaMac: bets $2
ImaPeppaPig: folds 
ptolejmus: folds 
Uncalled bet ($2) returned to J2DaMac
J2DaMac collected $5.70 from pot
*** SUMMARY ***
Total pot $6 | Rake $0.30 
Board [Kd Kh 5s 9h]
Seat 5: BumHuntKing
Seat 1: ImaPeppaPig (big blind) folded on the Turn
Seat 2: ptolejmus folded on the Turn
Seat 3: BoyLoc0 folded before Flop (didn't bet)
Seat 4: Manifestorr (button) folded before Flop (didn't bet)
Seat 6: J2DaMac (small blind) collected ($5.70)



PokerStars Hand #254480045209:  Hold'em No Limit ($0.50/$1.00 USD) - 2025/01/21 3:55:01 WET [2025/01/20 22:55:01 ET]
Table 'Juliet IV' 6-max Seat #6 is the button
Seat 2: ptolejmus ($10 in chips) is sitting out
Seat 5: BumHuntKing ($100 in chips) is sitting out
Seat 1: ImaPeppaPig ($113.72 in chips) 
Seat 3: BoyLoc0 ($114.47 in chips) 
Seat 4: Manifestorr ($100 in chips) 
Seat 6: J2DaMac ($130.16 in chips) 
ImaPeppaPig: posts small blind $0.50
ptolejmus: is sitting out 
BoyLoc0: posts big blind $1
BumHuntKing: sits out 
*** HOLE CARDS ***
Manifestorr: folds 
ptolejmus leaves the table
J2DaMac: calls $1
ImaPeppaPig: folds 
BoyLoc0: checks 
*** FLOP *** [5s 2h 5c]
BoyLoc0: checks 
J2DaMac: checks 
*** TURN *** [5s 2h 5c] [7c]
BoyLoc0: bets $1.79
J2DaMac: folds 
Uncalled bet ($1.79) returned to BoyLoc0
BoyLoc0 collected $2.38 from pot
BoyLoc0: doesn't show hand 
*** SUMMARY ***
Total pot $2.50 | Rake $0.12 
Board [5s 2h 5c 7c]
Seat 2: ptolejmus
Seat 5: BumHuntKing
Seat 1: ImaPeppaPig (small blind) folded before Flop
Seat 3: BoyLoc0 (big blind) collected ($2.38)
Seat 4: Manifestorr folded before Flop (didn't bet)
Seat 6: J2DaMac (button) folded on the Turn



PokerStars Hand #254480046632:  Hold'em No Limit ($0.50/$1.00 USD) - 2025/01/21 3:55:17 WET [2025/01/20 22:55:17 ET]
Table 'Juliet IV' 6-max Seat #1 is the button
Seat 5: BumHuntKing ($100 in chips) is sitting out
Seat 1: ImaPeppaPig ($113.22 in chips) 
Seat 3: BoyLoc0 ($115.85 in chips) 
Seat 4: Manifestorr ($100 in chips) 
Seat 6: J2DaMac ($129.16 in chips) 
BoyLoc0: posts small blind $0.50
Manifestorr: posts big blind $1
BumHuntKing: sits out 
*** HOLE CARDS ***
J2DaMac: calls $1
Melenya joins the table at seat #2 
ImaPeppaPig: folds 
BoyLoc0: calls $0.50
Manifestorr: checks 
*** FLOP *** [7d Qc Ts]
BoyLoc0: checks 
Manifestorr: checks 
J2DaMac: checks 
*** TURN *** [7d Qc Ts] [Jd]
BoyLoc0: checks 
Manifestorr: checks 
J2DaMac: checks 
*** RIVER *** [7d Qc Ts Jd] [4s]
BoyLoc0: bets $7
Manifestorr: folds 
J2DaMac: folds 
Uncalled bet ($7) returned to BoyLoc0
BoyLoc0 collected $2.85 from pot
BoyLoc0: doesn't show hand 
*** SUMMARY ***
Total pot $3 | Rake $0.15 
Board [7d Qc Ts Jd 4s]
Seat 5: BumHuntKing
Seat 1: ImaPeppaPig (button) folded before Flop (didn't bet)
Seat 3: BoyLoc0 (small blind) collected ($2.85)
Seat 4: Manifestorr (big blind) folded on the River
Seat 6: J2DaMac folded on the River



PokerStars Hand #254480049359:  Hold'em No Limit ($0.50/$1.00 USD) - 2025/01/21 3:55:48 WET [2025/01/20 22:55:48 ET]
Table 'Juliet IV' 6-max Seat #3 is the button
Seat 2: Melenya ($100 in chips) is sitting out
Seat 1: ImaPeppaPig ($113.22 in chips) 
Seat 3: BoyLoc0 ($117.70 in chips) 
Seat 4: Manifestorr ($100 in chips) 
Seat 5: BumHuntKing ($100 in chips) 
Seat 6: J2DaMac ($128.16 in chips) 
Manifestorr: posts small blind $0.50
BumHuntKing: posts big blind $1
Melenya: sits out 
*** HOLE CARDS ***
J2DaMac: folds 
ImaPeppaPig: folds 
BoyLoc0: folds 
Manifestorr: folds 
Uncalled bet ($0.50) returned to BumHuntKing
BumHuntKing collected $1 from pot
BumHuntKing: doesn't show hand 
*** SUMMARY ***
Total pot $1 | Rake $0 
Seat 2: Melenya
Seat 1: ImaPeppaPig folded before Flop (didn't bet)
Seat 3: BoyLoc0 (button) folded before Flop (didn't bet)
Seat 4: Manifestorr (small blind) folded before Flop
Seat 5: BumHuntKing (big blind) collected ($1)
Seat 6: J2DaMac folded before Flop (didn't bet)



PokerStars Hand #254480050250:  Hold'em No Limit ($0.50/$1.00 USD) - 2025/01/21 3:55:58 WET [2025/01/20 22:55:58 ET]
Table 'Juliet IV' 6-max Seat #4 is the button
Seat 2: Melenya ($100 in chips) is sitting out
Seat 1: ImaPeppaPig ($113.22 in chips) 
Seat 3: BoyLoc0 ($117.70 in chips) 
Seat 4: Manifestorr ($100 in chips) 
Seat 5: BumHuntKing ($100.50 in chips) 
Seat 6: J2DaMac ($128.16 in chips) 
BumHuntKing: posts small blind $0.50
J2DaMac: posts big blind $1
Melenya: sits out 
*** HOLE CARDS ***
ImaPeppaPig: folds 
BoyLoc0: folds 
Manifestorr: raises $1.20 to $2.20
BumHuntKing: calls $1.70
J2DaMac: folds 
*** FLOP *** [Jc 9s 9c]
BumHuntKing: checks 
Manifestorr: checks 
*** TURN *** [Jc 9s 9c] [5s]
BumHuntKing: checks 
Manifestorr: bets $1.69
BumHuntKing: folds 
Uncalled bet ($1.69) returned to Manifestorr
Manifestorr collected $5.13 from pot
*** SUMMARY ***
Total pot $5.40 | Rake $0.27 
Board [Jc 9s 9c 5s]
Seat 2: Melenya
Seat 1: ImaPeppaPig folded before Flop (didn't bet)
Seat 3: BoyLoc0 folded before Flop (didn't bet)
Seat 4: Manifestorr (button) collected ($5.13)
Seat 5: BumHuntKing (small blind) folded on the Turn
Seat 6: J2DaMac (big blind) folded before Flop



PokerStars Hand #254480053987:  Hold'em No Limit ($0.50/$1.00 USD) - 2025/01/21 3:56:41 WET [2025/01/20 22:56:41 ET]
Table 'Juliet IV' 6-max Seat #5 is the button
Seat 2: Melenya ($100 in chips) is sitting out
Seat 1: ImaPeppaPig ($113.22 in chips) 
Seat 3: BoyLoc0 ($117.70 in chips) 
Seat 4: Manifestorr ($102.93 in chips) 
Seat 5: BumHuntKing ($100 in chips) 
Seat 6: J2DaMac ($127.16 in chips) 
J2DaMac: posts small blind $0.50
ImaPeppaPig: posts big blind $1
Melenya: sits out 
*** HOLE CARDS ***
BoyLoc0: raises $1.50 to $2.50
Manifestorr: folds 
BumHuntKing: calls $2.50
J2DaMac: calls $2
ImaPeppaPig: folds 
*** FLOP *** [4h 9d Kc]
J2DaMac: bets $2
BoyLoc0: raises $6.04 to $8.04
BumHuntKing: folds 
J2DaMac: calls $6.04
*** TURN *** [4h 9d Kc] [Ad]
J2DaMac: checks 
BoyLoc0: bets $17.51
J2DaMac: calls $17.51
*** RIVER *** [4h 9d Kc Ad] [2c]
J2DaMac: checks 
BoyLoc0: bets $89.65 and is all-in
J2DaMac: folds 
Uncalled bet ($89.65) returned to BoyLoc0
BoyLoc0 collected $57.10 from pot
BoyLoc0: doesn't show hand 
*** SUMMARY ***
Total pot $59.60 | Rake $2.50 
Board [4h 9d Kc Ad 2c]
Seat 2: Melenya
Seat 1: ImaPeppaPig (big blind) folded before Flop
Seat 3: BoyLoc0 collected ($57.10)
Seat 4: Manifestorr folded before Flop (didn't bet)
Seat 5: BumHuntKing (button) folded on the Flop
Seat 6: J2DaMac (small blind) folded on the River



PokerStars Hand #254480060504:  Hold'em No Limit ($0.50/$1.00 USD) - 2025/01/21 3:57:54 WET [2025/01/20 22:57:54 ET]
Table 'Juliet IV' 6-max Seat #6 is the button
Seat 1: ImaPeppaPig ($112.22 in chips) 
Seat 2: Melenya ($100 in chips) 
Seat 3: BoyLoc0 ($146.75 in chips) 
Seat 4: Manifestorr ($102.93 in chips) 
Seat 5: BumHuntKing ($100 in chips) 
Seat 6: J2DaMac ($99.11 in chips) 
ImaPeppaPig: posts small blind $0.50
Melenya: posts big blind $1
*** HOLE CARDS ***
BoyLoc0: raises $1.50 to $2.50
Manifestorr: folds 
BumHuntKing: folds 
J2DaMac: calls $2.50
ImaPeppaPig: folds 
Melenya: folds 
*** FLOP *** [4h Jd Ac]
BoyLoc0: bets $4.64
J2DaMac: folds 
Uncalled bet ($4.64) returned to BoyLoc0
BoyLoc0 collected $6.18 from pot
BoyLoc0: doesn't show hand 
*** SUMMARY ***
Total pot $6.50 | Rake $0.32 
Board [4h Jd Ac]
Seat 1: ImaPeppaPig (small blind) folded before Flop
Seat 2: Melenya (big blind) folded before Flop
Seat 3: BoyLoc0 collected ($6.18)
Seat 4: Manifestorr folded before Flop (didn't bet)
Seat 5: BumHuntKing folded before Flop (didn't bet)
Seat 6: J2DaMac (button) folded on the Flop



PokerStars Hand #254480062871:  Hold'em No Limit ($0.50/$1.00 USD) - 2025/01/21 3:58:21 WET [2025/01/20 22:58:21 ET]
Table 'Juliet IV' 6-max Seat #1 is the button
Seat 1: ImaPeppaPig ($111.72 in chips) 
Seat 2: Melenya ($100 in chips) 
Seat 3: BoyLoc0 ($150.43 in chips) 
Seat 4: Manifestorr ($102.93 in chips) 
Seat 5: BumHuntKing ($100 in chips) 
Seat 6: J2DaMac ($96.61 in chips) 
Melenya: posts small blind $0.50
BoyLoc0: posts big blind $1
*** HOLE CARDS ***
Manifestorr: folds 
BumHuntKing: folds 
J2DaMac: folds 
ImaPeppaPig: folds 
Melenya: folds 
Uncalled bet ($0.50) returned to BoyLoc0
BoyLoc0 collected $1 from pot
BoyLoc0: doesn't show hand 
*** SUMMARY ***
Total pot $1 | Rake $0 
Seat 1: ImaPeppaPig (button) folded before Flop (didn't bet)
Seat 2: Melenya (small blind) folded before Flop
Seat 3: BoyLoc0 (big blind) collected ($1)
Seat 4: Manifestorr folded before Flop (didn't bet)
Seat 5: BumHuntKing folded before Flop (didn't bet)
Seat 6: J2DaMac folded before Flop (didn't bet)



PokerStars Hand #254480064246:  Hold'em No Limit ($0.50/$1.00 USD) - 2025/01/21 3:58:36 WET [2025/01/20 22:58:36 ET]
Table 'Juliet IV' 6-max Seat #2 is the button
Seat 1: ImaPeppaPig ($111.72 in chips) 
Seat 2: Melenya ($100 in chips) 
Seat 3: BoyLoc0 ($150.93 in chips) 
Seat 4: Manifestorr ($102.93 in chips) 
Seat 5: BumHuntKing ($100 in chips) 
Seat 6: J2DaMac ($96.61 in chips) 
BoyLoc0: posts small blind $0.50
Manifestorr: posts big blind $1
*** HOLE CARDS ***
BumHuntKing: folds 
J2DaMac: folds 
ImaPeppaPig: folds 
Melenya: raises $1.50 to $2.50
BoyLoc0: raises $7.50 to $10
Manifestorr: folds 
Melenya: raises $12 to $22
BoyLoc0: folds 
Uncalled bet ($12) returned to Melenya
Melenya collected $21 from pot
Melenya: doesn't show hand 
*** SUMMARY ***
Total pot $21 | Rake $0 
Seat 1: ImaPeppaPig folded before Flop (didn't bet)
Seat 2: Melenya (button) collected ($21)
Seat 3: BoyLoc0 (small blind) folded before Flop
Seat 4: Manifestorr (big blind) folded before Flop
Seat 5: BumHuntKing folded before Flop (didn't bet)
Seat 6: J2DaMac folded before Flop (didn't bet)



PokerStars Hand #254480068150:  Hold'em No Limit ($0.50/$1.00 USD) - 2025/01/21 3:59:20 WET [2025/01/20 22:59:20 ET]
Table 'Juliet IV' 6-max Seat #3 is the button
Seat 1: ImaPeppaPig ($111.72 in chips) 
Seat 2: Melenya ($111 in chips) 
Seat 3: BoyLoc0 ($140.93 in chips) 
Seat 4: Manifestorr ($101.93 in chips) 
Seat 5: BumHuntKing ($100 in chips) 
Seat 6: J2DaMac ($96.61 in chips) 
Manifestorr: posts small blind $0.50
BumHuntKing: posts big blind $1
*** HOLE CARDS ***
J2DaMac: calls $1
ImaPeppaPig: folds 
Melenya: raises $2.50 to $3.50
BoyLoc0: folds 
Manifestorr: folds 
BumHuntKing: folds 
J2DaMac: calls $2.50
*** FLOP *** [Ah 2h Jc]
J2DaMac: bets $3
Melenya: calls $3
*** TURN *** [Ah 2h Jc] [8h]
J2DaMac: bets $10
Melenya: calls $10
*** RIVER *** [Ah 2h Jc 8h] [5d]
J2DaMac: checks 
Melenya: checks 
*** SHOW DOWN ***
J2DaMac: shows [8c 6c] (a pair of Eights)
Melenya: shows [Ad 9s] (a pair of Aces)
Melenya collected $32.78 from pot
*** SUMMARY ***
Total pot $34.50 | Rake $1.72 
Board [Ah 2h Jc 8h 5d]
Seat 1: ImaPeppaPig folded before Flop (didn't bet)
Seat 2: Melenya showed [Ad 9s] and won ($32.78) with a pair of Aces
Seat 3: BoyLoc0 (button) folded before Flop (didn't bet)
Seat 4: Manifestorr (small blind) folded before Flop
Seat 5: BumHuntKing (big blind) folded before Flop
Seat 6: J2DaMac showed [8c 6c] and lost with a pair of Eights



PokerStars Hand #254480073473:  Hold'em No Limit ($0.50/$1.00 USD) - 2025/01/21 4:00:20 WET [2025/01/20 23:00:20 ET]
Table 'Juliet IV' 6-max Seat #4 is the button
Seat 1: ImaPeppaPig ($111.72 in chips) 
Seat 2: Melenya ($127.28 in chips) 
Seat 3: BoyLoc0 ($140.93 in chips) 
Seat 4: Manifestorr ($101.43 in chips) 
Seat 5: BumHuntKing ($100 in chips) 
Seat 6: J2DaMac ($80.11 in chips) 
BumHuntKing: posts small blind $0.50
J2DaMac: posts big blind $1
*** HOLE CARDS ***
ImaPeppaPig: folds 
Melenya: folds 
BoyLoc0: folds 
Manifestorr: raises $1.20 to $2.20
BumHuntKing: folds 
J2DaMac: calls $1.20
*** FLOP *** [8h Qc 6d]
J2DaMac: checks 
Manifestorr: bets $1.54
J2DaMac: calls $1.54
*** TURN *** [8h Qc 6d] [8d]
J2DaMac: checks 
Manifestorr: checks 
*** RIVER *** [8h Qc 6d 8d] [Qd]
J2DaMac: bets $4
Manifestorr: folds 
Uncalled bet ($4) returned to J2DaMac
J2DaMac collected $7.58 from pot
*** SUMMARY ***
Total pot $7.98 | Rake $0.40 
Board [8h Qc 6d 8d Qd]
Seat 1: ImaPeppaPig folded before Flop (didn't bet)
Seat 2: Melenya folded before Flop (didn't bet)
Seat 3: BoyLoc0 folded before Flop (didn't bet)
Seat 4: Manifestorr (button) folded on the River
Seat 5: BumHuntKing (small blind) folded before Flop
Seat 6: J2DaMac (big blind) collected ($7.58)



PokerStars Hand #254480076696:  Hold'em No Limit ($0.50/$1.00 USD) - 2025/01/21 4:00:53 WET [2025/01/20 23:00:53 ET]
Table 'Juliet IV' 6-max Seat #5 is the button
Seat 1: ImaPeppaPig ($111.72 in chips) 
Seat 2: Melenya ($127.28 in chips) 
Seat 3: BoyLoc0 ($140.93 in chips) 
Seat 4: Manifestorr ($100 in chips) 
Seat 5: BumHuntKing ($100 in chips) 
Seat 6: J2DaMac ($83.95 in chips) 
J2DaMac: posts small blind $0.50
ImaPeppaPig: posts big blind $1
*** HOLE CARDS ***
Melenya: folds 
BoyLoc0: folds 
Manifestorr: folds 
BumHuntKing: folds 
J2DaMac: raises $2 to $3
ImaPeppaPig: calls $2
*** FLOP *** [Ks 2s Kc]
J2DaMac: checks 
ImaPeppaPig: bets $4
J2DaMac: calls $4
*** TURN *** [Ks 2s Kc] [Js]
J2DaMac: bets $13.30
ImaPeppaPig: calls $13.30
*** RIVER *** [Ks 2s Kc Js] [3d]
J2DaMac: bets $19.29
ImaPeppaPig: calls $19.29
*** SHOW DOWN ***
J2DaMac: shows [9s Ah] (a pair of Kings)
ImaPeppaPig: shows [Kh 6h] (three of a kind, Kings)
ImaPeppaPig collected $76.68 from pot
*** SUMMARY ***
Total pot $79.18 | Rake $2.50 
Board [Ks 2s Kc Js 3d]
Seat 1: ImaPeppaPig (big blind) showed [Kh 6h] and won ($76.68) with three of a kind, Kings
Seat 2: Melenya folded before Flop (didn't bet)
Seat 3: BoyLoc0 folded before Flop (didn't bet)
Seat 4: Manifestorr folded before Flop (didn't bet)
Seat 5: BumHuntKing (button) folded before Flop (didn't bet)
Seat 6: J2DaMac (small blind) showed [9s Ah] and lost with a pair of Kings



PokerStars Hand #254480081688:  Hold'em No Limit ($0.50/$1.00 USD) - 2025/01/21 4:01:43 WET [2025/01/20 23:01:43 ET]
Table 'Juliet IV' 6-max Seat #6 is the button
Seat 1: ImaPeppaPig ($148.81 in chips) 
Seat 2: Melenya ($127.28 in chips) 
Seat 3: BoyLoc0 ($140.93 in chips) 
Seat 4: Manifestorr ($100 in chips) 
Seat 5: BumHuntKing ($100 in chips) 
Seat 6: J2DaMac ($44.36 in chips) 
ImaPeppaPig: posts small blind $0.50
Melenya: posts big blind $1
*** HOLE CARDS ***
BoyLoc0: folds 
Manifestorr: folds 
BumHuntKing: raises $1.20 to $2.20
J2DaMac: calls $2.20
ImaPeppaPig: folds 
Melenya: folds 
*** FLOP *** [Ac 4d Kh]
BumHuntKing: bets $1.40
J2DaMac: folds 
Uncalled bet ($1.40) returned to BumHuntKing
BumHuntKing collected $5.60 from pot
BumHuntKing: doesn't show hand 
*** SUMMARY ***
Total pot $5.90 | Rake $0.30 
Board [Ac 4d Kh]
Seat 1: ImaPeppaPig (small blind) folded before Flop
Seat 2: Melenya (big blind) folded before Flop
Seat 3: BoyLoc0 folded before Flop (didn't bet)
Seat 4: Manifestorr folded before Flop (didn't bet)
Seat 5: BumHuntKing collected ($5.60)
Seat 6: J2DaMac (button) folded on the Flop



PokerStars Hand #254480083901:  Hold'em No Limit ($0.50/$1.00 USD) - 2025/01/21 4:02:04 WET [2025/01/20 23:02:04 ET]
Table 'Juliet IV' 6-max Seat #1 is the button
Seat 1: ImaPeppaPig ($148.31 in chips) 
Seat 2: Melenya ($126.28 in chips) 
Seat 3: BoyLoc0 ($140.93 in chips) 
Seat 4: Manifestorr ($100 in chips) 
Seat 5: BumHuntKing ($103.40 in chips) 
Seat 6: J2DaMac ($42.16 in chips) 
Melenya: posts small blind $0.50
BoyLoc0: posts big blind $1
*** HOLE CARDS ***
Manifestorr: folds 
BumHuntKing: folds 
J2DaMac: calls $1
ImaPeppaPig: raises $3 to $4
Melenya: folds 
BoyLoc0: folds 
J2DaMac: calls $3
*** FLOP *** [3s Qd Ts]
J2DaMac: checks 
ImaPeppaPig: checks 
*** TURN *** [3s Qd Ts] [Ac]
J2DaMac: checks 
ImaPeppaPig: checks 
*** RIVER *** [3s Qd Ts Ac] [6c]
J2DaMac: checks 
ImaPeppaPig: checks 
*** SHOW DOWN ***
J2DaMac: shows [Td 7d] (a pair of Tens)
ImaPeppaPig: mucks hand 
J2DaMac collected $9.02 from pot
*** SUMMARY ***
Total pot $9.50 | Rake $0.48 
Board [3s Qd Ts Ac 6c]
Seat 1: ImaPeppaPig (button) mucked
Seat 2: Melenya (small blind) folded before Flop
Seat 3: BoyLoc0 (big blind) folded before Flop
Seat 4: Manifestorr folded before Flop (didn't bet)
Seat 5: BumHuntKing folded before Flop (didn't bet)
Seat 6: J2DaMac showed [Td 7d] and won ($9.02) with a pair of Tens



PokerStars Hand #254480087495:  Hold'em No Limit ($0.50/$1.00 USD) - 2025/01/21 4:02:39 WET [2025/01/20 23:02:39 ET]
Table 'Juliet IV' 6-max Seat #2 is the button
Seat 1: ImaPeppaPig ($144.31 in chips) 
Seat 2: Melenya ($125.78 in chips) 
Seat 3: BoyLoc0 ($139.93 in chips) 
Seat 4: Manifestorr ($100 in chips) 
Seat 5: BumHuntKing ($103.40 in chips) 
Seat 6: J2DaMac ($47.18 in chips) 
BoyLoc0: posts small blind $0.50
Manifestorr: posts big blind $1
*** HOLE CARDS ***
BumHuntKing: raises $1.20 to $2.20
J2DaMac: raises $8.20 to $10.40
ImaPeppaPig: raises $9.60 to $20
Melenya: folds 
BoyLoc0: folds 
Manifestorr: folds 
BumHuntKing: folds 
J2DaMac: raises $27.18 to $47.18 and is all-in
ImaPeppaPig: calls $27.18
*** FIRST FLOP *** [9h 5c Ac]
*** FIRST TURN *** [9h 5c Ac] [6c]
*** FIRST RIVER *** [9h 5c Ac 6c] [As]
*** SECOND FLOP *** [2c Qc Kh]
*** SECOND TURN *** [2c Qc Kh] [Js]
*** SECOND RIVER *** [2c Qc Kh Js] [Kd]
*** FIRST SHOW DOWN ***
J2DaMac: shows [6s 6d] (a full house, Sixes full of Aces)
ImaPeppaPig: shows [Jd Jh] (two pair, Aces and Jacks)
J2DaMac collected $47.78 from pot
*** SECOND SHOW DOWN ***
J2DaMac: shows [6s 6d] (two pair, Kings and Sixes)
ImaPeppaPig: shows [Jd Jh] (a full house, Jacks full of Kings)
ImaPeppaPig collected $47.78 from pot
*** SUMMARY ***
Total pot $98.06 | Rake $2.50 
Hand was run twice
FIRST Board [9h 5c Ac 6c As]
SECOND Board [2c Qc Kh Js Kd]
Seat 1: ImaPeppaPig showed [Jd Jh] and lost with two pair, Aces and Jacks, and won ($47.78) with a full house, Jacks full of Kings
Seat 2: Melenya (button) folded before Flop (didn't bet)
Seat 3: BoyLoc0 (small blind) folded before Flop
Seat 4: Manifestorr (big blind) folded before Flop
Seat 5: BumHuntKing folded before Flop
Seat 6: J2DaMac showed [6s 6d] and won ($47.78) with a full house, Sixes full of Aces, and lost with two pair, Kings and Sixes



PokerStars Hand #254480092770:  Hold'em No Limit ($0.50/$1.00 USD) - 2025/01/21 4:03:31 WET [2025/01/20 23:03:31 ET]
Table 'Juliet IV' 6-max Seat #3 is the button
Seat 1: ImaPeppaPig ($144.91 in chips) 
Seat 2: Melenya ($125.78 in chips) 
Seat 3: BoyLoc0 ($139.43 in chips) 
Seat 4: Manifestorr ($100 in chips) 
Seat 5: BumHuntKing ($101.20 in chips) 
Seat 6: J2DaMac ($47.78 in chips) 
Manifestorr: posts small blind $0.50
BumHuntKing: posts big blind $1
*** HOLE CARDS ***
J2DaMac: calls $1
ImaPeppaPig: folds 
Melenya: calls $1
BoyLoc0: folds 
Manifestorr: folds 
BumHuntKing: checks 
*** FLOP *** [Jd 4s 8s]
BumHuntKing: checks 
J2DaMac: checks 
Melenya: bets $1.11
BumHuntKing: folds 
J2DaMac: calls $1.11
*** TURN *** [Jd 4s 8s] [Jc]
J2DaMac: checks 
Melenya: bets $2.72
J2DaMac: folds 
Uncalled bet ($2.72) returned to Melenya
Melenya collected $5.43 from pot
Melenya: doesn't show hand 
*** SUMMARY ***
Total pot $5.72 | Rake $0.29 
Board [Jd 4s 8s Jc]
Seat 1: ImaPeppaPig folded before Flop (didn't bet)
Seat 2: Melenya collected ($5.43)
Seat 3: BoyLoc0 (button) folded before Flop (didn't bet)
Seat 4: Manifestorr (small blind) folded before Flop
Seat 5: BumHuntKing (big blind) folded on the Flop
Seat 6: J2DaMac folded on the Turn



PokerStars Hand #254480098543:  Hold'em No Limit ($0.50/$1.00 USD) - 2025/01/21 4:04:28 WET [2025/01/20 23:04:28 ET]
Table 'Juliet IV' 6-max Seat #4 is the button
Seat 1: ImaPeppaPig ($144.91 in chips) 
Seat 2: Melenya ($129.10 in chips) 
Seat 3: BoyLoc0 ($139.43 in chips) 
Seat 4: Manifestorr ($100 in chips) 
Seat 5: BumHuntKing ($100.20 in chips) 
Seat 6: J2DaMac ($45.67 in chips) 
BumHuntKing: posts small blind $0.50
J2DaMac: posts big blind $1
*** HOLE CARDS ***
ImaPeppaPig: folds 
Melenya: folds 
BoyLoc0: folds 
Manifestorr: raises $1.20 to $2.20
BumHuntKing: folds 
J2DaMac: calls $1.20
*** FLOP *** [9d Jc 8s]
J2DaMac: checks 
Manifestorr: bets $2.33
J2DaMac: folds 
Uncalled bet ($2.33) returned to Manifestorr
Manifestorr collected $4.66 from pot
*** SUMMARY ***
Total pot $4.90 | Rake $0.24 
Board [9d Jc 8s]
Seat 1: ImaPeppaPig folded before Flop (didn't bet)
Seat 2: Melenya folded before Flop (didn't bet)
Seat 3: BoyLoc0 folded before Flop (didn't bet)
Seat 4: Manifestorr (button) collected ($4.66)
Seat 5: BumHuntKing (small blind) folded before Flop
Seat 6: J2DaMac (big blind) folded on the Flop



PokerStars Hand #254480100595:  Hold'em No Limit ($0.50/$1.00 USD) - 2025/01/21 4:04:48 WET [2025/01/20 23:04:48 ET]
Table 'Juliet IV' 6-max Seat #5 is the button
Seat 1: ImaPeppaPig ($144.91 in chips) 
Seat 2: Melenya ($129.10 in chips) 
Seat 3: BoyLoc0 ($139.43 in chips) 
Seat 4: Manifestorr ($102.46 in chips) 
Seat 5: BumHuntKing ($100 in chips) 
Seat 6: J2DaMac ($43.47 in chips) 
J2DaMac: posts small blind $0.50
ImaPeppaPig: posts big blind $1
*** HOLE CARDS ***
Melenya: folds 
BoyLoc0: folds 
Manifestorr: raises $1.20 to $2.20
BumHuntKing: calls $2.20
J2DaMac: folds 
ImaPeppaPig: folds 
*** FLOP *** [Ts Ks Kh]
Manifestorr: checks 
BumHuntKing: checks 
*** TURN *** [Ts Ks Kh] [2s]
Manifestorr: checks 
BumHuntKing: checks 
*** RIVER *** [Ts Ks Kh 2s] [Jh]
Manifestorr: bets $1.85
BumHuntKing: folds 
Uncalled bet ($1.85) returned to Manifestorr
Manifestorr collected $5.60 from pot
*** SUMMARY ***
Total pot $5.90 | Rake $0.30 
Board [Ts Ks Kh 2s Jh]
Seat 1: ImaPeppaPig (big blind) folded before Flop
Seat 2: Melenya folded before Flop (didn't bet)
Seat 3: BoyLoc0 folded before Flop (didn't bet)
Seat 4: Manifestorr collected ($5.60)
Seat 5: BumHuntKing (button) folded on the River
Seat 6: J2DaMac (small blind) folded before Flop



PokerStars Hand #254480106129:  Hold'em No Limit ($0.50/$1.00 USD) - 2025/01/21 4:05:44 WET [2025/01/20 23:05:44 ET]
Table 'Juliet IV' 6-max Seat #6 is the button
Seat 1: ImaPeppaPig ($143.91 in chips) 
Seat 2: Melenya ($129.10 in chips) 
Seat 3: BoyLoc0 ($139.43 in chips) 
Seat 4: Manifestorr ($105.86 in chips) 
Seat 5: BumHuntKing ($100 in chips) 
Seat 6: J2DaMac ($42.97 in chips) 
ImaPeppaPig: posts small blind $0.50
Melenya: posts big blind $1
*** HOLE CARDS ***
BoyLoc0: folds 
Manifestorr: folds 
BumHuntKing: raises $1.20 to $2.20
J2DaMac: calls $2.20
ImaPeppaPig: folds 
Melenya: calls $1.20
*** FLOP *** [4s 2c Kc]
Melenya: checks 
BumHuntKing: checks 
J2DaMac: checks 
*** TURN *** [4s 2c Kc] [6d]
Melenya: bets $2.25
BumHuntKing: folds 
J2DaMac: calls $2.25
*** RIVER *** [4s 2c Kc 6d] [3s]
Melenya: checks 
J2DaMac: checks 
*** SHOW DOWN ***
Melenya: shows [7h 7c] (a pair of Sevens)
J2DaMac: mucks hand 
Melenya collected $11.02 from pot
*** SUMMARY ***
Total pot $11.60 | Rake $0.58 
Board [4s 2c Kc 6d 3s]
Seat 1: ImaPeppaPig (small blind) folded before Flop
Seat 2: Melenya (big blind) showed [7h 7c] and won ($11.02) with a pair of Sevens
Seat 3: BoyLoc0 folded before Flop (didn't bet)
Seat 4: Manifestorr folded before Flop (didn't bet)
Seat 5: BumHuntKing folded on the Turn
Seat 6: J2DaMac (button) mucked



PokerStars Hand #254480110290:  Hold'em No Limit ($0.50/$1.00 USD) - 2025/01/21 4:06:27 WET [2025/01/20 23:06:27 ET]
Table 'Juliet IV' 6-max Seat #1 is the button
Seat 1: ImaPeppaPig ($143.41 in chips) 
Seat 2: Melenya ($135.67 in chips) 
Seat 3: BoyLoc0 ($139.43 in chips) 
Seat 4: Manifestorr ($105.86 in chips) 
Seat 5: BumHuntKing ($100 in chips) 
Seat 6: J2DaMac ($57.74 in chips) 
Melenya: posts small blind $0.50
BoyLoc0: posts big blind $1
*** HOLE CARDS ***
Manifestorr: folds 
BumHuntKing: folds 
J2DaMac: raises $2 to $3
ImaPeppaPig: folds 
Melenya: folds 
BoyLoc0: calls $2
*** FLOP *** [5d 9d 4d]
BoyLoc0: checks 
J2DaMac: bets $3
BoyLoc0: folds 
Uncalled bet ($3) returned to J2DaMac
J2DaMac collected $6.18 from pot
*** SUMMARY ***
Total pot $6.50 | Rake $0.32 
Board [5d 9d 4d]
Seat 1: ImaPeppaPig (button) folded before Flop (didn't bet)
Seat 2: Melenya (small blind) folded before Flop
Seat 3: BoyLoc0 (big blind) folded on the Flop
Seat 4: Manifestorr folded before Flop (didn't bet)
Seat 5: BumHuntKing folded before Flop (didn't bet)
Seat 6: J2DaMac collected ($6.18)



PokerStars Hand #254480114105:  Hold'em No Limit ($0.50/$1.00 USD) - 2025/01/21 4:07:05 WET [2025/01/20 23:07:05 ET]
Table 'Juliet IV' 6-max Seat #2 is the button
Seat 1: ImaPeppaPig ($143.41 in chips) 
Seat 2: Melenya ($135.17 in chips) 
Seat 3: BoyLoc0 ($136.43 in chips) 
Seat 4: Manifestorr ($105.86 in chips) 
Seat 5: BumHuntKing ($100 in chips) 
Seat 6: J2DaMac ($60.92 in chips) 
BoyLoc0: posts small blind $0.50
Manifestorr: posts big blind $1
*** HOLE CARDS ***
BumHuntKing: folds 
J2DaMac: calls $1
ImaPeppaPig: folds 
Melenya: folds 
BoyLoc0: folds 
Manifestorr: checks 
*** FLOP *** [Ac Qs 9c]
Manifestorr: checks 
J2DaMac: checks 
*** TURN *** [Ac Qs 9c] [Ad]
Manifestorr: checks 
J2DaMac: checks 
*** RIVER *** [Ac Qs 9c Ad] [7s]
Manifestorr: checks 
J2DaMac: bets $2
Manifestorr: folds 
Uncalled bet ($2) returned to J2DaMac
J2DaMac collected $2.38 from pot
*** SUMMARY ***
Total pot $2.50 | Rake $0.12 
Board [Ac Qs 9c Ad 7s]
Seat 1: ImaPeppaPig folded before Flop (didn't bet)
Seat 2: Melenya (button) folded before Flop (didn't bet)
Seat 3: BoyLoc0 (small blind) folded before Flop
Seat 4: Manifestorr (big blind) folded on the River
Seat 5: BumHuntKing folded before Flop (didn't bet)
Seat 6: J2DaMac collected ($2.38)



PokerStars Hand #254480116777:  Hold'em No Limit ($0.50/$1.00 USD) - 2025/01/21 4:07:33 WET [2025/01/20 23:07:33 ET]
Table 'Juliet IV' 6-max Seat #3 is the button
Seat 1: ImaPeppaPig ($143.41 in chips) 
Seat 2: Melenya ($135.17 in chips) 
Seat 3: BoyLoc0 ($135.93 in chips) 
Seat 4: Manifestorr ($104.86 in chips) 
Seat 5: BumHuntKing ($100 in chips) 
Seat 6: J2DaMac ($62.30 in chips) 
Manifestorr: posts small blind $0.50
BumHuntKing: posts big blind $1
*** HOLE CARDS ***
J2DaMac: calls $1
ImaPeppaPig: folds 
Melenya: folds 
BoyLoc0: folds 
Manifestorr: folds 
BumHuntKing: checks 
*** FLOP *** [4h 2c 7h]
BumHuntKing: checks 
J2DaMac: bets $2
BumHuntKing: folds 
Uncalled bet ($2) returned to J2DaMac
J2DaMac collected $2.38 from pot
*** SUMMARY ***
Total pot $2.50 | Rake $0.12 
Board [4h 2c 7h]
Seat 1: ImaPeppaPig folded before Flop (didn't bet)
Seat 2: Melenya folded before Flop (didn't bet)
Seat 3: BoyLoc0 (button) folded before Flop (didn't bet)
Seat 4: Manifestorr (small blind) folded before Flop
Seat 5: BumHuntKing (big blind) folded on the Flop
Seat 6: J2DaMac collected ($2.38)



PokerStars Hand #254480119722:  Hold'em No Limit ($0.50/$1.00 USD) - 2025/01/21 4:08:04 WET [2025/01/20 23:08:04 ET]
Table 'Juliet IV' 6-max Seat #4 is the button
Seat 1: ImaPeppaPig ($143.41 in chips) 
Seat 2: Melenya ($135.17 in chips) 
Seat 3: BoyLoc0 ($135.93 in chips) 
Seat 4: Manifestorr ($104.36 in chips) 
Seat 5: BumHuntKing ($100 in chips) 
Seat 6: J2DaMac ($63.68 in chips) 
BumHuntKing: posts small blind $0.50
J2DaMac: posts big blind $1
*** HOLE CARDS ***
ImaPeppaPig: folds 
Melenya: folds 
BoyLoc0: folds 
Manifestorr: raises $1.20 to $2.20
BumHuntKing: folds 
J2DaMac: folds 
Uncalled bet ($1.20) returned to Manifestorr
Manifestorr collected $2.50 from pot
*** SUMMARY ***
Total pot $2.50 | Rake $0 
Seat 1: ImaPeppaPig folded before Flop (didn't bet)
Seat 2: Melenya folded before Flop (didn't bet)
Seat 3: BoyLoc0 folded before Flop (didn't bet)
Seat 4: Manifestorr (button) collected ($2.50)
Seat 5: BumHuntKing (small blind) folded before Flop
Seat 6: J2DaMac (big blind) folded before Flop



PokerStars Hand #254480121550:  Hold'em No Limit ($0.50/$1.00 USD) - 2025/01/21 4:08:22 WET [2025/01/20 23:08:22 ET]
Table 'Juliet IV' 6-max Seat #5 is the button
Seat 1: ImaPeppaPig ($143.41 in chips) 
Seat 2: Melenya ($135.17 in chips) 
Seat 3: BoyLoc0 ($135.93 in chips) 
Seat 4: Manifestorr ($105.86 in chips) 
Seat 5: BumHuntKing ($100 in chips) 
Seat 6: J2DaMac ($62.68 in chips) 
J2DaMac: posts small blind $0.50
ImaPeppaPig: posts big blind $1
*** HOLE CARDS ***
Melenya: folds 
BoyLoc0: folds 
Manifestorr: folds 
BumHuntKing: folds 
J2DaMac: raises $2 to $3
ImaPeppaPig: calls $2
*** FLOP *** [4d 9c Ks]
J2DaMac: bets $2
ImaPeppaPig: folds 
Uncalled bet ($2) returned to J2DaMac
J2DaMac collected $5.70 from pot
*** SUMMARY ***
Total pot $6 | Rake $0.30 
Board [4d 9c Ks]
Seat 1: ImaPeppaPig (big blind) folded on the Flop
Seat 2: Melenya folded before Flop (didn't bet)
Seat 3: BoyLoc0 folded before Flop (didn't bet)
Seat 4: Manifestorr folded before Flop (didn't bet)
Seat 5: BumHuntKing (button) folded before Flop (didn't bet)
Seat 6: J2DaMac (small blind) collected ($5.70)



PokerStars Hand #254480124331:  Hold'em No Limit ($0.50/$1.00 USD) - 2025/01/21 4:08:51 WET [2025/01/20 23:08:51 ET]
Table 'Juliet IV' 6-max Seat #6 is the button
Seat 1: ImaPeppaPig ($140.41 in chips) 
Seat 2: Melenya ($135.17 in chips) 
Seat 3: BoyLoc0 ($135.93 in chips) 
Seat 4: Manifestorr ($105.86 in chips) 
Seat 5: BumHuntKing ($100 in chips) 
Seat 6: J2DaMac ($65.38 in chips) 
ImaPeppaPig: posts small blind $0.50
Melenya: posts big blind $1
*** HOLE CARDS ***
BoyLoc0: folds 
Manifestorr: folds 
BumHuntKing: raises $1.20 to $2.20
J2DaMac: calls $2.20
ImaPeppaPig: folds 
Melenya: folds 
*** FLOP *** [6c 5s As]
BumHuntKing: bets $1.85
J2DaMac: folds 
Uncalled bet ($1.85) returned to BumHuntKing
BumHuntKing collected $5.60 from pot
BumHuntKing: doesn't show hand 
*** SUMMARY ***
Total pot $5.90 | Rake $0.30 
Board [6c 5s As]
Seat 1: ImaPeppaPig (small blind) folded before Flop
Seat 2: Melenya (big blind) folded before Flop
Seat 3: BoyLoc0 folded before Flop (didn't bet)
Seat 4: Manifestorr folded before Flop (didn't bet)
Seat 5: BumHuntKing collected ($5.60)
Seat 6: J2DaMac (button) folded on the Flop



PokerStars Hand #254480127960:  Hold'em No Limit ($0.50/$1.00 USD) - 2025/01/21 4:09:29 WET [2025/01/20 23:09:29 ET]
Table 'Juliet IV' 6-max Seat #1 is the button
Seat 1: ImaPeppaPig ($139.91 in chips) 
Seat 2: Melenya ($134.17 in chips) 
Seat 3: BoyLoc0 ($135.93 in chips) 
Seat 4: Manifestorr ($105.86 in chips) 
Seat 5: BumHuntKing ($103.40 in chips) 
Seat 6: J2DaMac ($63.18 in chips) 
Melenya: posts small blind $0.50
BoyLoc0: posts big blind $1
*** HOLE CARDS ***
Manifestorr: folds 
BumHuntKing: folds 
J2DaMac: calls $1
ImaPeppaPig: folds 
Melenya: folds 
BoyLoc0: raises $4 to $5
J2DaMac: calls $4
*** FLOP *** [8c 7s 9d]
BoyLoc0: checks 
J2DaMac: bets $4
BoyLoc0: calls $4
*** TURN *** [8c 7s 9d] [2c]
BoyLoc0: checks 
J2DaMac: checks 
*** RIVER *** [8c 7s 9d 2c] [6d]
BoyLoc0: checks 
J2DaMac: bets $5
BoyLoc0: folds 
Uncalled bet ($5) returned to J2DaMac
J2DaMac collected $17.58 from pot
*** SUMMARY ***
Total pot $18.50 | Rake $0.92 
Board [8c 7s 9d 2c 6d]
Seat 1: ImaPeppaPig (button) folded before Flop (didn't bet)
Seat 2: Melenya (small blind) folded before Flop
Seat 3: BoyLoc0 (big blind) folded on the River
Seat 4: Manifestorr folded before Flop (didn't bet)
Seat 5: BumHuntKing folded before Flop (didn't bet)
Seat 6: J2DaMac collected ($17.58)



PokerStars Hand #254480132743:  Hold'em No Limit ($0.50/$1.00 USD) - 2025/01/21 4:10:19 WET [2025/01/20 23:10:19 ET]
Table 'Juliet IV' 6-max Seat #2 is the button
Seat 1: ImaPeppaPig ($139.91 in chips) 
Seat 2: Melenya ($133.67 in chips) 
Seat 3: BoyLoc0 ($126.93 in chips) 
Seat 4: Manifestorr ($105.86 in chips) 
Seat 5: BumHuntKing ($103.40 in chips) 
Seat 6: J2DaMac ($71.76 in chips) 
BoyLoc0: posts small blind $0.50
Manifestorr: posts big blind $1
*** HOLE CARDS ***
BumHuntKing: folds 
J2DaMac: calls $1
ImaPeppaPig: raises $3 to $4
Melenya: folds 
BoyLoc0: folds 
Manifestorr: folds 
J2DaMac: folds 
Uncalled bet ($3) returned to ImaPeppaPig
ImaPeppaPig collected $3.50 from pot
ImaPeppaPig: doesn't show hand 
*** SUMMARY ***
Total pot $3.50 | Rake $0 
Seat 1: ImaPeppaPig collected ($3.50)
Seat 2: Melenya (button) folded before Flop (didn't bet)
Seat 3: BoyLoc0 (small blind) folded before Flop
Seat 4: Manifestorr (big blind) folded before Flop
Seat 5: BumHuntKing folded before Flop (didn't bet)
Seat 6: J2DaMac folded before Flop



PokerStars Hand #254480134701:  Hold'em No Limit ($0.50/$1.00 USD) - 2025/01/21 4:10:39 WET [2025/01/20 23:10:39 ET]
Table 'Juliet IV' 6-max Seat #3 is the button
Seat 1: ImaPeppaPig ($142.41 in chips) 
Seat 2: Melenya ($133.67 in chips) 
Seat 3: BoyLoc0 ($126.43 in chips) 
Seat 4: Manifestorr ($104.86 in chips) 
Seat 5: BumHuntKing ($103.40 in chips) 
Seat 6: J2DaMac ($70.76 in chips) 
Manifestorr: posts small blind $0.50
BumHuntKing: posts big blind $1
*** HOLE CARDS ***
J2DaMac: calls $1
ImaPeppaPig: raises $4 to $5
Melenya: folds 
BoyLoc0: folds 
Manifestorr: folds 
BumHuntKing: folds 
J2DaMac: calls $4
*** FLOP *** [As 4s Ad]
J2DaMac: checks 
ImaPeppaPig: checks 
*** TURN *** [As 4s Ad] [9h]
J2DaMac: checks 
ImaPeppaPig: bets $3.39
J2DaMac: raises $3.39 to $6.78
ImaPeppaPig: calls $3.39
*** RIVER *** [As 4s Ad 9h] [8c]
J2DaMac: bets $15
ImaPeppaPig: folds 
Uncalled bet ($15) returned to J2DaMac
J2DaMac collected $23.81 from pot
*** SUMMARY ***
Total pot $25.06 | Rake $1.25 
Board [As 4s Ad 9h 8c]
Seat 1: ImaPeppaPig folded on the River
Seat 2: Melenya folded before Flop (didn't bet)
Seat 3: BoyLoc0 (button) folded before Flop (didn't bet)
Seat 4: Manifestorr (small blind) folded before Flop
Seat 5: BumHuntKing (big blind) folded before Flop
Seat 6: J2DaMac collected ($23.81)



PokerStars Hand #254480138692:  Hold'em No Limit ($0.50/$1.00 USD) - 2025/01/21 4:11:20 WET [2025/01/20 23:11:20 ET]
Table 'Juliet IV' 6-max Seat #4 is the button
Seat 1: ImaPeppaPig ($130.63 in chips) 
Seat 2: Melenya ($133.67 in chips) 
Seat 3: BoyLoc0 ($126.43 in chips) 
Seat 4: Manifestorr ($104.36 in chips) 
Seat 5: BumHuntKing ($102.40 in chips) 
Seat 6: J2DaMac ($82.79 in chips) 
BumHuntKing: posts small blind $0.50
J2DaMac: posts big blind $1
*** HOLE CARDS ***
ImaPeppaPig: folds 
Melenya: folds 
BoyLoc0: folds 
Manifestorr: folds 
BumHuntKing: raises $1.50 to $2.50
J2DaMac: calls $1.50
*** FLOP *** [2h 8s 9h]
BumHuntKing: bets $1.19
J2DaMac: calls $1.19
*** TURN *** [2h 8s 9h] [Kd]
BumHuntKing: bets $5.26
J2DaMac: calls $5.26
*** RIVER *** [2h 8s 9h Kd] [3s]
BumHuntKing: checks 
J2DaMac: bets $12
BumHuntKing: folds 
Uncalled bet ($12) returned to J2DaMac
J2DaMac collected $17 from pot
*** SUMMARY ***
Total pot $17.90 | Rake $0.90 
Board [2h 8s 9h Kd 3s]
Seat 1: ImaPeppaPig folded before Flop (didn't bet)
Seat 2: Melenya folded before Flop (didn't bet)
Seat 3: BoyLoc0 folded before Flop (didn't bet)
Seat 4: Manifestorr (button) folded before Flop (didn't bet)
Seat 5: BumHuntKing (small blind) folded on the River
Seat 6: J2DaMac (big blind) collected ($17)



PokerStars Hand #254480145014:  Hold'em No Limit ($0.50/$1.00 USD) - 2025/01/21 4:12:26 WET [2025/01/20 23:12:26 ET]
Table 'Juliet IV' 6-max Seat #5 is the button
Seat 1: ImaPeppaPig ($130.63 in chips) 
Seat 2: Melenya ($133.67 in chips) 
Seat 3: BoyLoc0 ($126.43 in chips) 
Seat 4: Manifestorr ($104.36 in chips) 
Seat 5: BumHuntKing ($100 in chips) 
Seat 6: J2DaMac ($90.84 in chips) 
J2DaMac: posts small blind $0.50
ImaPeppaPig: posts big blind $1
*** HOLE CARDS ***
Melenya: folds 
BoyLoc0: folds 
Manifestorr: folds 
BumHuntKing: folds 
J2DaMac: calls $0.50
ImaPeppaPig: raises $4 to $5
J2DaMac: folds 
Uncalled bet ($4) returned to ImaPeppaPig
ImaPeppaPig collected $2 from pot
ImaPeppaPig: doesn't show hand 
*** SUMMARY ***
Total pot $2 | Rake $0 
Seat 1: ImaPeppaPig (big blind) collected ($2)
Seat 2: Melenya folded before Flop (didn't bet)
Seat 3: BoyLoc0 folded before Flop (didn't bet)
Seat 4: Manifestorr folded before Flop (didn't bet)
Seat 5: BumHuntKing (button) folded before Flop (didn't bet)
Seat 6: J2DaMac (small blind) folded before Flop



PokerStars Hand #254480147348:  Hold'em No Limit ($0.50/$1.00 USD) - 2025/01/21 4:12:51 WET [2025/01/20 23:12:51 ET]
Table 'Juliet IV' 6-max Seat #6 is the button
Seat 1: ImaPeppaPig ($131.63 in chips) 
Seat 2: Melenya ($133.67 in chips) 
Seat 3: BoyLoc0 ($126.43 in chips) 
Seat 4: Manifestorr ($104.36 in chips) 
Seat 5: BumHuntKing ($100 in chips) 
Seat 6: J2DaMac ($89.84 in chips) 
ImaPeppaPig: posts small blind $0.50
Melenya: posts big blind $1
*** HOLE CARDS ***
BoyLoc0: folds 
Manifestorr: raises $1.20 to $2.20
BumHuntKing: folds 
J2DaMac: calls $2.20
ImaPeppaPig: raises $11.80 to $14
Melenya: folds 
Manifestorr: folds 
J2DaMac: folds 
Uncalled bet ($11.80) returned to ImaPeppaPig
ImaPeppaPig collected $7.60 from pot
ImaPeppaPig: doesn't show hand 
*** SUMMARY ***
Total pot $7.60 | Rake $0 
Seat 1: ImaPeppaPig (small blind) collected ($7.60)
Seat 2: Melenya (big blind) folded before Flop
Seat 3: BoyLoc0 folded before Flop (didn't bet)
Seat 4: Manifestorr folded before Flop
Seat 5: BumHuntKing folded before Flop (didn't bet)
Seat 6: J2DaMac (button) folded before Flop



