PokerStars Hand #254491909931:  Hold'em No Limit ($0.50/$1.00 USD) - 2025/01/21 23:09:17 WET [2025/01/21 18:09:17 ET]
Table 'Olga IV' 6-max Seat #2 is the button
Seat 2: ptolejmus ($10 in chips) 
Seat 4: nikalas22 ($100 in chips) 
Seat 5: MakoEv ($100 in chips) 
nikalas22: posts small blind $0.50
MakoEv: posts big blind $1
*** HOLE CARDS ***
ptolejmus: raises $1 to $2
nikalas22: folds 
MakoEv: folds 
Uncalled bet ($1) returned to ptolejmus
ptolejmus collected $2.50 from pot
*** SUMMARY ***
Total pot $2.50 | Rake $0 
Seat 2: ptolejmus (button) collected ($2.50)
Seat 4: nikalas22 (small blind) folded before Flop
Seat 5: MakoEv (big blind) folded before Flop



PokerStars Hand #254491913149:  Hold'em No Limit ($0.50/$1.00 USD) - 2025/01/21 23:09:30 WET [2025/01/21 18:09:30 ET]
Table 'Olga IV' 6-max Seat #4 is the button
Seat 2: ptolejmus ($11.50 in chips) 
Seat 4: nikalas22 ($100 in chips) 
Seat 5: MakoEv ($100 in chips) 
MakoEv: posts small blind $0.50
ptolejmus: posts big blind $1
*** HOLE CARDS ***
nikalas22: raises $1.50 to $2.50
MakoEv: folds 
ptolejmus: folds 
Uncalled bet ($1.50) returned to nikalas22
nikalas22 collected $2.50 from pot
nikalas22: doesn't show hand 
*** SUMMARY ***
Total pot $2.50 | Rake $0 
Seat 2: ptolejmus (big blind) folded before Flop
Seat 4: nikalas22 (button) collected ($2.50)
Seat 5: MakoEv (small blind) folded before Flop



PokerStars Hand #254491918976:  Hold'em No Limit ($0.50/$1.00 USD) - 2025/01/21 23:09:52 WET [2025/01/21 18:09:52 ET]
Table 'Olga IV' 6-max Seat #5 is the button
Seat 2: ptolejmus ($10.50 in chips) 
Seat 4: nikalas22 ($101.50 in chips) 
Seat 5: MakoEv ($100 in chips) 
ptolejmus: posts small blind $0.50
nikalas22: posts big blind $1
*** HOLE CARDS ***
MakoEv: raises $1.50 to $2.50
ptolejmus: folds 
nikalas22: folds 
Uncalled bet ($1.50) returned to MakoEv
MakoEv collected $2.50 from pot
MakoEv: doesn't show hand 
*** SUMMARY ***
Total pot $2.50 | Rake $0 
Seat 2: ptolejmus (small blind) folded before Flop
Seat 4: nikalas22 (big blind) folded before Flop
Seat 5: MakoEv (button) collected ($2.50)



PokerStars Hand #254492187338:  Hold'em No Limit ($0.50/$1.00 USD) - 2025/01/21 23:27:34 WET [2025/01/21 18:27:34 ET]
Table 'Olga IV' 6-max Seat #6 is the button
Seat 2: BoyLoc0 ($100 in chips) 
Seat 3: Hubertdeal ($65.83 in chips) 
Seat 4: nikalas22 ($100.50 in chips) 
Seat 5: ptolejmus ($10 in chips) 
Seat 6: equilibrium_tv ($10 in chips) 
BoyLoc0: posts small blind $0.50
Hubertdeal: posts big blind $1
*** HOLE CARDS ***
nikalas22: folds 
ptolejmus: folds 
equilibrium_tv: raises $9 to $10 and is all-in
Tibibacsi joins the table at seat #1 
BoyLoc0: folds 
Hubertdeal: calls $9
Hubertdeal has timed out
*** FLOP *** [2s 5s 7s]
*** TURN *** [2s 5s 7s] [9s]
*** RIVER *** [2s 5s 7s 9s] [2c]
*** SHOW DOWN ***
Hubertdeal: shows [Ah 9c] (two pair, Nines and Deuces)
equilibrium_tv: shows [Tc Jh] (a pair of Deuces)
Hubertdeal collected $19.48 from pot
*** SUMMARY ***
Total pot $20.50 | Rake $1.02 
Board [2s 5s 7s 9s 2c]
Seat 2: BoyLoc0 (small blind) folded before Flop
Seat 3: Hubertdeal (big blind) showed [Ah 9c] and won ($19.48) with two pair, Nines and Deuces
Seat 4: nikalas22 folded before Flop (didn't bet)
Seat 5: ptolejmus folded before Flop (didn't bet)
Seat 6: equilibrium_tv (button) showed [Tc Jh] and lost with a pair of Deuces



PokerStars Hand #254492196154:  Hold'em No Limit ($0.50/$1.00 USD) - 2025/01/21 23:28:09 WET [2025/01/21 18:28:09 ET]
Table 'Olga IV' 6-max Seat #2 is the button
Seat 1: Tibibacsi ($100 in chips) is sitting out
Seat 2: BoyLoc0 ($100 in chips) 
Seat 3: Hubertdeal ($75.31 in chips) 
Seat 4: nikalas22 ($100.50 in chips) 
Seat 5: ptolejmus ($10 in chips) 
Seat 6: equilibrium_tv ($10 in chips) 
Hubertdeal: posts small blind $0.50
nikalas22: posts big blind $1
Tibibacsi: sits out 
*** HOLE CARDS ***
ptolejmus: raises $1 to $2
equilibrium_tv: folds 
equilibrium_tv leaves the table
BoyLoc0: raises $3 to $5
Hubertdeal: folds 
nikalas22: folds 
BGS013 joins the table at seat #6 
ptolejmus: folds 
Uncalled bet ($3) returned to BoyLoc0
Hubertdeal leaves the table
BoyLoc0 collected $5.50 from pot
BoyLoc0: doesn't show hand 
*** SUMMARY ***
Total pot $5.50 | Rake $0 
Seat 1: Tibibacsi
Seat 2: BoyLoc0 (button) collected ($5.50)
Seat 3: Hubertdeal (small blind) folded before Flop
Seat 4: nikalas22 (big blind) folded before Flop
Seat 5: ptolejmus folded before Flop
Seat 6: equilibrium_tv folded before Flop (didn't bet)



PokerStars Hand #254492205190:  Hold'em No Limit ($0.50/$1.00 USD) - 2025/01/21 23:28:45 WET [2025/01/21 18:28:45 ET]
Table 'Olga IV' 6-max Seat #4 is the button
Seat 1: Tibibacsi ($100 in chips) is sitting out
Seat 2: BoyLoc0 ($103.50 in chips) 
Seat 4: nikalas22 ($100 in chips) 
Seat 5: ptolejmus ($10 in chips) 
Seat 6: BGS013 ($100 in chips) 
ptolejmus: posts small blind $0.50
BGS013: posts big blind $1
Tibibacsi: sits out 
*** HOLE CARDS ***
BoyLoc0: folds 
nikalas22: folds 
ptolejmus: raises $2 to $3
BGS013: folds 
Uncalled bet ($2) returned to ptolejmus
ptolejmus collected $2 from pot
*** SUMMARY ***
Total pot $2 | Rake $0 
Seat 1: Tibibacsi
Seat 2: BoyLoc0 folded before Flop (didn't bet)
Seat 4: nikalas22 (button) folded before Flop (didn't bet)
Seat 5: ptolejmus (small blind) collected ($2)
Seat 6: BGS013 (big blind) folded before Flop



PokerStars Hand #254492210182:  Hold'em No Limit ($0.50/$1.00 USD) - 2025/01/21 23:29:05 WET [2025/01/21 18:29:05 ET]
Table 'Olga IV' 6-max Seat #5 is the button
Seat 1: Tibibacsi ($100 in chips) 
Seat 2: BoyLoc0 ($103.50 in chips) 
Seat 4: nikalas22 ($100 in chips) 
Seat 5: ptolejmus ($11 in chips) 
Seat 6: BGS013 ($100 in chips) 
BGS013: posts small blind $0.50
Tibibacsi: posts big blind $1
*** HOLE CARDS ***
BoyLoc0: folds 
nikalas22: folds 
ptolejmus: folds 
BGS013: raises $2 to $3
Tibibacsi: folds 
Uncalled bet ($2) returned to BGS013
BGS013 collected $2 from pot
BGS013: doesn't show hand 
*** SUMMARY ***
Total pot $2 | Rake $0 
Seat 1: Tibibacsi (big blind) folded before Flop
Seat 2: BoyLoc0 folded before Flop (didn't bet)
Seat 4: nikalas22 folded before Flop (didn't bet)
Seat 5: ptolejmus (button) folded before Flop (didn't bet)
Seat 6: BGS013 (small blind) collected ($2)



PokerStars Hand #254492219886:  Hold'em No Limit ($0.50/$1.00 USD) - 2025/01/21 23:29:45 WET [2025/01/21 18:29:45 ET]
Table 'Olga IV' 6-max Seat #6 is the button
Seat 1: Tibibacsi ($100 in chips) 
Seat 2: BoyLoc0 ($103.50 in chips) 
Seat 4: nikalas22 ($100 in chips) 
Seat 5: ptolejmus ($11 in chips) 
Seat 6: BGS013 ($101 in chips) 
Tibibacsi: posts small blind $0.50
BoyLoc0: posts big blind $1
*** HOLE CARDS ***
nikalas22: folds 
ptolejmus: folds 
BGS013: folds 
Tibibacsi: raises $2 to $3
BoyLoc0: raises $7 to $10
Tibibacsi: folds 
Uncalled bet ($7) returned to BoyLoc0
BoyLoc0 collected $6 from pot
BoyLoc0: doesn't show hand 
*** SUMMARY ***
Total pot $6 | Rake $0 
Seat 1: Tibibacsi (small blind) folded before Flop
Seat 2: BoyLoc0 (big blind) collected ($6)
Seat 4: nikalas22 folded before Flop (didn't bet)
Seat 5: ptolejmus folded before Flop (didn't bet)
Seat 6: BGS013 (button) folded before Flop (didn't bet)



PokerStars Hand #254492228790:  Hold'em No Limit ($0.50/$1.00 USD) - 2025/01/21 23:30:21 WET [2025/01/21 18:30:21 ET]
Table 'Olga IV' 6-max Seat #1 is the button
Seat 1: Tibibacsi ($100 in chips) 
Seat 2: BoyLoc0 ($106.50 in chips) 
Seat 4: nikalas22 ($100 in chips) 
Seat 5: ptolejmus ($11 in chips) 
Seat 6: BGS013 ($101 in chips) 
BoyLoc0: posts small blind $0.50
nikalas22: posts big blind $1
*** HOLE CARDS ***
ptolejmus: folds 
BGS013: folds 
Tibibacsi: raises $1.50 to $2.50
BoyLoc0: folds 
nikalas22: folds 
Uncalled bet ($1.50) returned to Tibibacsi
Tibibacsi collected $2.50 from pot
Tibibacsi: doesn't show hand 
*** SUMMARY ***
Total pot $2.50 | Rake $0 
Seat 1: Tibibacsi (button) collected ($2.50)
Seat 2: BoyLoc0 (small blind) folded before Flop
Seat 4: nikalas22 (big blind) folded before Flop
Seat 5: ptolejmus folded before Flop (didn't bet)
Seat 6: BGS013 folded before Flop (didn't bet)



PokerStars Hand #254492233224:  Hold'em No Limit ($0.50/$1.00 USD) - 2025/01/21 23:30:39 WET [2025/01/21 18:30:39 ET]
Table 'Olga IV' 6-max Seat #2 is the button
Seat 1: Tibibacsi ($101.50 in chips) 
Seat 2: BoyLoc0 ($106 in chips) 
Seat 4: nikalas22 ($100 in chips) 
Seat 5: ptolejmus ($11 in chips) 
Seat 6: BGS013 ($101 in chips) 
nikalas22: posts small blind $0.50
ptolejmus: posts big blind $1
*** HOLE CARDS ***
BGS013: folds 
Tibibacsi: folds 
BoyLoc0: folds 
BGS013 leaves the table
nikalas22: folds 
Uncalled bet ($0.50) returned to ptolejmus
ptolejmus collected $1 from pot
*** SUMMARY ***
Total pot $1 | Rake $0 
Seat 1: Tibibacsi folded before Flop (didn't bet)
Seat 2: BoyLoc0 (button) folded before Flop (didn't bet)
Seat 4: nikalas22 (small blind) folded before Flop
Seat 5: ptolejmus (big blind) collected ($1)
Seat 6: BGS013 folded before Flop (didn't bet)



PokerStars Hand #254492237548:  Hold'em No Limit ($0.50/$1.00 USD) - 2025/01/21 23:30:57 WET [2025/01/21 18:30:57 ET]
Table 'Olga IV' 6-max Seat #5 is the button
Seat 1: Tibibacsi ($101.50 in chips) is sitting out
Seat 2: BoyLoc0 ($106 in chips) is sitting out
Seat 4: nikalas22 ($100 in chips) 
Seat 5: ptolejmus ($11.50 in chips) 
ptolejmus: posts small blind $0.50
Tibibacsi: is sitting out 
BoyLoc0: is sitting out 
nikalas22: posts big blind $1
*** HOLE CARDS ***
Tibibacsi leaves the table
ptolejmus: raises $1 to $2
nikalas22: folds 
Uncalled bet ($1) returned to ptolejmus
ptolejmus collected $2 from pot
BoyLoc0 leaves the table
*** SUMMARY ***
Total pot $2 | Rake $0 
Seat 1: Tibibacsi
Seat 2: BoyLoc0
Seat 4: nikalas22 (big blind) folded before Flop
Seat 5: ptolejmus (button) (small blind) collected ($2)



